<?xml version="1.0" encoding="UTF-8"?>
<!DOCTYPE html PUBLIC "-//W3C//DTD XHTML 1.0 Transitional//EN"
    "http://www.w3.org/TR/xhtml1/DTD/xhtml1-transitional.dtd">
<html xmlns="http://www.w3.org/1999/xhtml" xml:lang="en" lang="en">
 <head>
  <title>
</title>
<meta http-equiv="Content-Type" content="text/html;charset=utf-8" />
  <meta name='ocr-system' content='tesseract 3.04.00' />
  <meta name='ocr-capabilities' content='ocr_page ocr_carea ocr_par ocr_line ocrx_word'/>
</head>
<body>
  <div class='ocr_page' id='page_1' title='image "./dmagniavsoniibv00scalgoog_0198.png"; bbox 0 0 2144 3714; ppageno 0'>
   <div class='ocr_carea' id='block_1_1' title="bbox 386 160 976 261">
    <p class='ocr_par' dir='ltr' id='par_1_1' title="bbox 386 160 976 261">
     <span class='ocr_line' id='line_1_1' title="bbox 386 160 976 261; baseline -0.002 -30"><span class='ocrx_word' id='word_1_1' title='bbox 386 160 688 231; x_wconf 74' lang='lat' dir='ltr'>aornar-n</span> <span class='ocrx_word' id='word_1_2' title='bbox 917 192 976 261; x_wconf 74' lang='lat'>175</span> 
     </span>
    </p>
   </div>
   <div class='ocr_carea' id='block_1_2' title="bbox 72 336 983 1528">
    <p class='ocr_par' dir='ltr' id='par_1_2' title="bbox 72 336 980 1390">
     <span class='ocr_line' id='line_1_2' title="bbox 95 336 871 424; baseline -0.008 -14"><span class='ocrx_word' id='word_1_3' title='bbox 95 341 267 410; x_wconf 83' lang='lat' dir='ltr'>Thessalico</span> <span class='ocrx_word' id='word_1_4' title='bbox 283 339 452 424; x_wconf 69' lang='lat' dir='ltr'>permixtus</span> <span class='ocrx_word' id='word_1_5' title='bbox 467 348 562 420; x_wconf 82' lang='lat' dir='ltr'>equo:</span> <span class='ocrx_word' id='word_1_6' title='bbox 583 359 641 401; x_wconf 83' lang='lat' dir='ltr'>neo</span> <span class='ocrx_word' id='word_1_7' title='bbox 657 336 772 423; x_wconf 75' lang='lat' dir='ltr'><strong>pinifer</strong></span> <span class='ocrx_word' id='word_1_8' title='bbox 784 338 871 406; x_wconf 83' lang='lat' dir='ltr'>Atiae</span> 
     </span>
     <span class='ocr_line' id='line_1_3' title="bbox 94 474 928 565; baseline 0.005 -22"><span class='ocrx_word' id='word_1_9' title='bbox 94 477 406 565; x_wconf 73' lang='lat' dir='ltr'>Amphitryoniadem</span> <span class='ocrx_word' id='word_1_10' title='bbox 422 496 570 559; x_wconf 80' lang='lat' dir='ltr'>puerumt</span> <span class='ocrx_word' id='word_1_11' title='bbox 592 474 643 538; x_wconf 83' lang='lat' dir='ltr'>sed</span> <span class='ocrx_word' id='word_1_12' title='bbox 653 476 787 547; x_wconf 72' lang='lat' dir='ltr'>¹blandus</span> <span class='ocrx_word' id='word_1_13' title='bbox 802 496 928 565; x_wconf 87' lang='lat' dir='ltr'>uterque</span> 
     </span>
     <span class='ocr_line' id='line_1_4' title="bbox 95 614 853 696; baseline 0 -15"><span class='ocrx_word' id='word_1_14' title='bbox 95 618 228 683; x_wconf 84' lang='lat' dir='ltr'>Mitibue</span> <span class='ocrx_word' id='word_1_15' title='bbox 246 614 384 696; x_wconf 85' lang='lat' dir='ltr'>alloquiie</span> <span class='ocrx_word' id='word_1_16' title='bbox 400 629 523 681; x_wconf 82' lang='lat' dir='ltr'>teneret</span> <span class='ocrx_word' id='word_1_17' title='bbox 539 615 691 679; x_wconf 86' lang='lat' dir='ltr'>mulcebat</span> <span class='ocrx_word' id='word_1_18' title='bbox 706 614 853 681; x_wconf 79' lang='lat' dir='ltr'>alumnos.</span> 
     </span>
     <span class='ocr_line' id='line_1_5' title="bbox 72 749 980 838; baseline 0.006 -19"><span class='ocrx_word' id='word_1_19' title='bbox 72 755 277 838; x_wconf 63' lang='lat' dir='ltr'>“Tuquoque</span> <span class='ocrx_word' id='word_1_20' title='bbox 292 770 472 816; x_wconf 76' lang='lat' dir='ltr'>nemetum:</span> <span class='ocrx_word' id='word_1_21' title='bbox 495 749 737 834; x_wconf 85' lang='lat' dir='ltr'>quamvieschola</span> <span class='ocrx_word' id='word_1_22' title='bbox 746 753 980 824; x_wconf 76' lang='lat' dir='ltr'>verberemulte</span> 
     </span>
     <span class='ocr_line' id='line_1_6' title="bbox 97 857 936 978; baseline 0.002 -22"><span class='ocrx_word' id='word_1_23' title='bbox 97 893 260 978; x_wconf 77' lang='lat' dir='ltr'>Increpet,</span> <span class='ocrx_word' id='word_1_24' title='bbox 283 891 315 958; x_wconf 75' lang='grc' dir='ltr'>ἃ</span> <span class='ocrx_word' id='word_1_25' title='bbox 330 890 497 954; x_wconf 83' lang='lat' dir='ltr'>truculenta</span> <span class='ocrx_word' id='word_1_26' title='bbox 514 857 605 951; x_wconf 80' lang='lat' dir='ltr'>senex</span> <span class='ocrx_word' id='word_1_27' title='bbox 619 906 705 975; x_wconf 85' lang='lat' dir='ltr'>gerat</span> <span class='ocrx_word' id='word_1_28' title='bbox 713 910 772 953; x_wconf 64' lang='lat' dir='ltr'>‘era</span> <span class='ocrx_word' id='word_1_29' title='bbox 786 895 936 978; x_wconf 82' lang='lat' dir='ltr'>magister.</span> 
     </span>
     <span class='ocr_line' id='line_1_7' title="bbox 96 1028 908 1118; baseline -0.001 -22"><span class='ocrx_word' id='word_1_30' title='bbox 96 1033 275 1118; x_wconf 85' lang='lat' dir='ltr'>Degenerea</span> <span class='ocrx_word' id='word_1_31' title='bbox 290 1031 407 1091; x_wconf 79' lang='lat' dir='ltr'>animoa</span> <span class='ocrx_word' id='word_1_32' title='bbox 423 1029 517 1090; x_wconf 88' lang='lat' dir='ltr'>timor</span> <span class='ocrx_word' id='word_1_33' title='bbox 534 1028 649 1113; x_wconf 71' lang='lat' dir='ltr'>arguite</span> <span class='ocrx_word' id='word_1_34' title='bbox 670 1043 700 1091; x_wconf 92' lang='lat' dir='ltr'>at</span> <span class='ocrx_word' id='word_1_35' title='bbox 716 1028 774 1090; x_wconf 93' lang='lat' dir='ltr'>tibi</span> <span class='ocrx_word' id='word_1_36' title='bbox 789 1033 889 1095; x_wconf 84' lang='lat' dir='ltr'>consta</span> <span class='ocrx_word' id='word_1_37' title='bbox 905 1072 908 1077; x_wconf 94' lang='lat'>-</span> 
     </span>
     <span class='ocr_line' id='line_1_8' title="bbox 98 1163 969 1263; baseline -0.001 -32"><span class='ocrx_word' id='word_1_38' title='bbox 98 1169 288 1263; x_wconf 61' lang='lat' dir='ltr'>Intrepiqur3</span> <span class='ocrx_word' id='word_1_39' title='bbox 310 1187 367 1241; x_wconf 85' lang='lat' dir='ltr'>nec¹</span> <span class='ocrx_word' id='word_1_40' title='bbox 381 1184 412 1232; x_wconf 90' lang='lat' dir='ltr'>te</span> <span class='ocrx_word' id='word_1_41' title='bbox 427 1166 562 1241; x_wconf 84' lang='lat' dir='ltr'>clamor,</span> <span class='ocrx_word' id='word_1_42' title='bbox 583 1164 747 1250; x_wconf 84' lang='lat' dir='ltr'>plagaeque</span> <span class='ocrx_word' id='word_1_43' title='bbox 763 1163 914 1244; x_wconf 76' lang='lat' dir='ltr'>sonanter,</span> <span class='ocrx_word' id='word_1_44' title='bbox 963 1206 969 1217; x_wconf 89' lang='lat'><strong>·</strong></span> 
     </span>
     <span class='ocr_line' id='line_1_9' title="bbox 97 1300 790 1390; baseline -0.001 -22"><span class='ocrx_word' id='word_1_45' title='bbox 97 1305 167 1368; x_wconf 82' lang='lat' dir='ltr'>Nec</span> <span class='ocrx_word' id='word_1_46' title='bbox 180 1306 335 1368; x_wconf 80' lang='lat' dir='ltr'>matutinis</span> <span class='ocrx_word' id='word_1_47' title='bbox 351 1307 447 1390; x_wconf 84' lang='lat' dir='ltr'>agitet</span> <span class='ocrx_word' id='word_1_48' title='bbox 463 1303 599 1366; x_wconf 80' lang='lat' dir='ltr'>formido</span> <span class='ocrx_word' id='word_1_49' title='bbox 616 1300 668 1363; x_wconf 92' lang='lat' dir='ltr'>sub</span> <span class='ocrx_word' id='word_1_50' title='bbox 686 1301 790 1367; x_wconf 80' lang='lat' dir='ltr'>horit:</span> 
     </span>
    </p>

    <p class='ocr_par' dir='ltr' id='par_1_3' title="bbox 100 1438 983 1528">
     <span class='ocr_line' id='line_1_10' title="bbox 100 1438 983 1528; baseline 0.009 -26"><span class='ocrx_word' id='word_1_51' title='bbox 100 1443 199 1525; x_wconf 84' lang='lat' dir='ltr'>Quod</span> <span class='ocrx_word' id='word_1_52' title='bbox 214 1441 363 1522; x_wconf 74' lang='lat' dir='ltr'>sceptrum</span> <span class='ocrx_word' id='word_1_53' title='bbox 381 1440 482 1502; x_wconf 83' lang='lat' dir='ltr'>vibrat</span> <span class='ocrx_word' id='word_1_54' title='bbox 496 1438 622 1516; x_wconf 83' lang='lat' dir='ltr'>ferulae,</span> <span class='ocrx_word' id='word_1_55' title='bbox 645 1443 726 1521; x_wconf 88' lang='lat' dir='ltr'>quod</span> <span class='ocrx_word' id='word_1_56' title='bbox 740 1442 835 1505; x_wconf 87' lang='lat' dir='ltr'>multa</span> <span class='ocrx_word' id='word_1_57' title='bbox 848 1441 983 1528; x_wconf 75' lang='lat' dir='ltr'>supellex</span> 
     </span>
    </p>
   </div>
   <div class='ocr_carea' id='block_1_3' title="bbox 97 1576 884 1676">
    <p class='ocr_par' dir='ltr' id='par_1_4' title="bbox 97 1576 884 1676">
     <span class='ocr_line' id='line_1_11' title="bbox 97 1576 884 1676; baseline 0.001 -35"><span class='ocrx_word' id='word_1_58' title='bbox 97 1580 235 1676; x_wconf 80' lang='lat' dir='ltr'>virgea,</span> <span class='ocrx_word' id='word_1_59' title='bbox 258 1579 338 1660; x_wconf 86' lang='lat' dir='ltr'>quod</span> <span class='ocrx_word' id='word_1_60' title='bbox 356 1576 446 1640; x_wconf 79' lang='lat' dir='ltr'>sellan</span> <span class='ocrx_word' id='word_1_61' title='bbox 462 1576 605 1641; x_wconf 73' lang='lat' dir='ltr'>scuticam</span> <span class='ocrx_word' id='word_1_62' title='bbox 621 1581 774 1663; x_wconf 77' lang='lat' dir='ltr'>praetexit</span> <span class='ocrx_word' id='word_1_63' title='bbox 787 1581 884 1642; x_wconf 85' lang='lat' dir='ltr'>aluta:</span> 
     </span>
    </p>
   </div>
   <div class='ocr_carea' id='block_1_4' title="bbox 100 1678 961 1803">
    <p class='ocr_par' dir='ltr' id='par_1_5' title="bbox 100 1678 961 1803">
     <span class='ocr_line' id='line_1_12' title="bbox 100 1678 961 1803; baseline 0.001 -24"><span class='ocrx_word' id='word_1_64' title='bbox 100 1719 195 1803; x_wconf 89' lang='lat' dir='ltr'>Quod</span> <span class='ocrx_word' id='word_1_65' title='bbox 211 1716 333 1780; x_wconf 87' lang='lat' dir='ltr'>fervent</span> <span class='ocrx_word' id='word_1_66' title='bbox 349 1715 473 1799; x_wconf 89' lang='lat' dir='ltr'>trepido</span> <span class='ocrx_word' id='word_1_67' title='bbox 489 1714 627 1777; x_wconf 75' lang='lat' dir='ltr'>subsellia</span> <span class='ocrx_word' id='word_1_68' title='bbox 644 1678 739 1777; x_wconf 85' lang='lat' dir='ltr'>vestra</span> <span class='ocrx_word' id='word_1_69' title='bbox 756 1720 896 1783; x_wconf 87' lang='lat' dir='ltr'>tumultu.</span> <span class='ocrx_word' id='word_1_70' title='bbox 959 1756 961 1761; x_wconf 59' lang='lat'>&gt;</span> 
     </span>
    </p>
   </div>
   <div class='ocr_carea' id='block_1_5' title="bbox 53 1848 996 3175">
    <p class='ocr_par' dir='ltr' id='par_1_6' title="bbox 96 1848 922 2346">
     <span class='ocr_line' id='line_1_13' title="bbox 97 1848 856 1936; baseline -0.005 -18"><span class='ocrx_word' id='word_1_71' title='bbox 97 1856 218 1936; x_wconf 86' lang='lat' dir='ltr'>Pompa</span> <span class='ocrx_word' id='word_1_72' title='bbox 233 1853 319 1926; x_wconf 85' lang='lat' dir='ltr'>loci‚·</span> <span class='ocrx_word' id='word_1_73' title='bbox 336 1849 367 1913; x_wconf 88' lang='lat'>&amp;</span> <span class='ocrx_word' id='word_1_74' title='bbox 384 1853 454 1912; x_wconf 86' lang='lat' dir='ltr'>vani</span> <span class='ocrx_word' id='word_1_75' title='bbox 471 1849 605 1933; x_wconf 81' lang='lat' dir='ltr'>fugiatur</span> <span class='ocrx_word' id='word_1_76' title='bbox 621 1848 706 1911; x_wconf 86' lang='lat' dir='ltr'>scena</span> <span class='ocrx_word' id='word_1_77' title='bbox 723 1851 856 1914; x_wconf 77' lang='lat' dir='ltr'>timorit.</span> 
     </span>
     <span class='ocr_line' id='line_1_14' title="bbox 96 1942 900 2073; baseline -0.001 -18"><span class='ocrx_word' id='word_1_78' title='bbox 96 1993 184 2056; x_wconf 81' lang='lat' dir='ltr'>Haec</span> <span class='ocrx_word' id='word_1_79' title='bbox 202 1990 278 2054; x_wconf 86' lang='lat' dir='ltr'>olim</span> <span class='ocrx_word' id='word_1_80' title='bbox 294 1986 473 2073; x_wconf 78' lang='lat' dir='ltr'>genitorque</span> <span class='ocrx_word' id='word_1_81' title='bbox 492 2001 580 2061; x_wconf 85' lang='lat' dir='ltr'>tuut,</span> <span class='ocrx_word' id='word_1_82' title='bbox 603 1987 790 2072; x_wconf 82' lang='lat' dir='ltr'>genitrixque</span> <span class='ocrx_word' id='word_1_83' title='bbox 806 1942 900 2055; x_wconf 85' lang='lat' dir='ltr'>secuti</span> 
     </span>
     <span class='ocr_line' id='line_1_15' title="bbox 99 2123 842 2211; baseline -0.003 -19"><span class='ocrx_word' id='word_1_84' title='bbox 99 2132 243 2192; x_wconf 80' lang='lat' dir='ltr'>Saturam</span> <span class='ocrx_word' id='word_1_85' title='bbox 258 2126 380 2211; x_wconf 89' lang='lat' dir='ltr'>piacido</span> <span class='ocrx_word' id='word_1_86' title='bbox 396 2123 471 2186; x_wconf 90' lang='lat' dir='ltr'>mihi</span> <span class='ocrx_word' id='word_1_87' title='bbox 486 2123 669 2208; x_wconf 84' lang='lat' dir='ltr'>permulsere</span> <span class='ocrx_word' id='word_1_88' title='bbox 685 2124 842 2191; x_wconf 67' lang='lat' dir='ltr'>senesiam.</span> 
     </span>
     <span class='ocr_line' id='line_1_16' title="bbox 99 2258 922 2346; baseline -0.002 -16"><span class='ocrx_word' id='word_1_89' title='bbox 99 2266 152 2330; x_wconf 81' lang='lat' dir='ltr'>Tu</span> <span class='ocrx_word' id='word_1_90' title='bbox 168 2265 305 2339; x_wconf 86' lang='lat' dir='ltr'>senium,</span> <span class='ocrx_word' id='word_1_91' title='bbox 328 2263 526 2344; x_wconf 83' lang='lat' dir='ltr'>quodcunque</span> <span class='ocrx_word' id='word_1_92' title='bbox 543 2258 632 2346; x_wconf 88' lang='lat' dir='ltr'>supet</span> <span class='ocrx_word' id='word_1_93' title='bbox 646 2264 820 2328; x_wconf 72' lang='lat' dir='ltr'>labentibus</span> <span class='ocrx_word' id='word_1_94' title='bbox 838 2269 922 2328; x_wconf 79' lang='lat' dir='ltr'>annia</span> 
     </span>
    </p>

    <p class='ocr_par' dir='ltr' id='par_1_7' title="bbox 75 2399 996 2893">
     <span class='ocr_line' id='line_1_17' title="bbox 75 2399 996 2486; baseline 0 -22"><span class='ocrx_word' id='word_1_95' title='bbox 75 2434 78 2439; x_wconf 94' lang='lat'>·</span> <span class='ocrx_word' id='word_1_96' title='bbox 100 2402 177 2464; x_wconf 87' lang='lat' dir='ltr'>Fata</span> <span class='ocrx_word' id='word_1_97' title='bbox 193 2399 329 2474; x_wconf 85' lang='lat' dir='ltr'>dabunt,</span> <span class='ocrx_word' id='word_1_98' title='bbox 351 2400 401 2478; x_wconf 87' lang='lat' dir='ltr'>qui</span> <span class='ocrx_word' id='word_1_99' title='bbox 419 2419 531 2459; x_wconf 86' lang='lat' dir='ltr'>nornen</span> <span class='ocrx_word' id='word_1_100' title='bbox 546 2402 593 2461; x_wconf 86' lang='lat' dir='ltr'>avi</span> <span class='ocrx_word' id='word_1_101' title='bbox 610 2400 689 2486; x_wconf 81' lang='lat' dir='ltr'>geria</span> <span class='ocrx_word' id='word_1_102' title='bbox 707 2400 809 2461; x_wconf 85' lang='lat' dir='ltr'>indole</span> <span class='ocrx_word' id='word_1_103' title='bbox 824 2404 935 2483; x_wconf 86' lang='lat' dir='ltr'>prima,</span> <span class='ocrx_word' id='word_1_104' title='bbox 962 2438 965 2443; x_wconf 89' lang='lat'>·</span> <span class='ocrx_word' id='word_1_105' title='bbox 991 2433 996 2443; x_wconf 63' lang='grc'><em>’</em></span> 
     </span>
     <span class='ocr_line' id='line_1_18' title="bbox 100 2532 986 2621; baseline -0.001 -20"><span class='ocrx_word' id='word_1_106' title='bbox 100 2539 203 2602; x_wconf 85' lang='lat' dir='ltr'>Prime</span> <span class='ocrx_word' id='word_1_107' title='bbox 219 2555 336 2618; x_wconf 82' lang='lat' dir='ltr'>nepot,</span> <span class='ocrx_word' id='word_1_108' title='bbox 357 2532 408 2597; x_wconf 88' lang='lat' dir='ltr'>vei</span> <span class='ocrx_word' id='word_1_109' title='bbox 424 2554 459 2596; x_wconf 86' lang='lat' dir='ltr'>re</span> <span class='ocrx_word' id='word_1_110' title='bbox 474 2535 524 2597; x_wconf 86' lang='lat' dir='ltr'>vei</span> <span class='ocrx_word' id='word_1_111' title='bbox 538 2532 589 2619; x_wconf 87' lang='lat' dir='ltr'>spe</span> <span class='ocrx_word' id='word_1_112' title='bbox 606 2535 683 2598; x_wconf 88' lang='lat' dir='ltr'>mihi</span> <span class='ocrx_word' id='word_1_113' title='bbox 696 2554 796 2621; x_wconf 86' lang='lat' dir='ltr'>porge</span> <span class='ocrx_word' id='word_1_114' title='bbox 812 2533 986 2604; x_wconf 79' lang='lat' dir='ltr'>sruendum&#39;.</span> 
     </span>
     <span class='ocr_line' id='line_1_19' title="bbox 101 2634 939 2760; baseline -0.006 -18"><span class='ocrx_word' id='word_1_115' title='bbox 101 2634 266 2760; x_wconf 38' lang='lat' dir='ltr'>Nunc&#39;ego</span> <span class='ocrx_word' id='word_1_116' title='bbox 281 2691 313 2736; x_wconf 86' lang='lat' dir='ltr'>te</span> <span class='ocrx_word' id='word_1_117' title='bbox 327 2693 476 2758; x_wconf 87' lang='lat' dir='ltr'>puerum,</span> <span class='ocrx_word' id='word_1_118' title='bbox 499 2695 574 2738; x_wconf 79' lang='lat' dir='ltr'>ruox</span> <span class='ocrx_word' id='word_1_119' title='bbox 590 2675 622 2735; x_wconf 90' lang='lat' dir='ltr'>in</span> <span class='ocrx_word' id='word_1_120' title='bbox 638 2673 825 2753; x_wconf 85' lang='lat' dir='ltr'>juvenilibut</span> <span class='ocrx_word' id='word_1_121' title='bbox 841 2679 939 2754; x_wconf 78' lang='lat' dir='ltr'>annis,</span> 
     </span>
     <span class='ocr_line' id='line_1_20' title="bbox 100 2809 932 2893; baseline -0.001 -18"><span class='ocrx_word' id='word_1_122' title='bbox 100 2813 225 2893; x_wconf 87' lang='lat' dir='ltr'>lamque</span> <span class='ocrx_word' id='word_1_123' title='bbox 240 2811 338 2873; x_wconf 88' lang='lat' dir='ltr'>virum</span> <span class='ocrx_word' id='word_1_124' title='bbox 356 2832 496 2886; x_wconf 86' lang='lat' dir='ltr'>cernam,</span> <span class='ocrx_word' id='word_1_125' title='bbox 518 2810 617 2873; x_wconf 80' lang='lat' dir='ltr'>susors</span> <span class='ocrx_word' id='word_1_126' title='bbox 634 2812 677 2874; x_wconf 90' lang='lat' dir='ltr'>ita</span> <span class='ocrx_word' id='word_1_127' title='bbox 689 2809 820 2889; x_wconf 61' lang='lat' dir='ltr'>jusserim</span> <span class='ocrx_word' id='word_1_128' title='bbox 844 2813 932 2874; x_wconf 90' lang='lat' dir='ltr'>autsr</span> 
     </span>
    </p>

    <p class='ocr_par' dir='ltr' id='par_1_8' title="bbox 53 2947 916 3046">
     <span class='ocr_line' id='line_1_21' title="bbox 53 2947 916 3046; baseline 0.006 -35"><span class='ocrx_word' id='word_1_129' title='bbox 53 3041 55 3046; x_wconf 21' lang='grc' dir='ltr'>Ι</span> <span class='ocrx_word' id='word_1_130' title='bbox 101 2949 219 3013; x_wconf 89' lang='lat' dir='ltr'>Invidia</span> <span class='ocrx_word' id='word_1_131' title='bbox 234 2950 295 3024; x_wconf 82' lang='lat' dir='ltr'>est,</span> <span class='ocrx_word' id='word_1_132' title='bbox 316 2947 444 3032; x_wconf 86' lang='lat' dir='ltr'>sperabo</span> <span class='ocrx_word' id='word_1_133' title='bbox 462 2966 583 3025; x_wconf 85' lang='lat' dir='ltr'>tamen,</span> <span class='ocrx_word' id='word_1_134' title='bbox 606 2971 663 3012; x_wconf 89' lang='lat' dir='ltr'>nec</span> <span class='ocrx_word' id='word_1_135' title='bbox 677 2968 750 3013; x_wconf 89' lang='lat' dir='ltr'>vota</span> <span class='ocrx_word' id='word_1_136' title='bbox 764 2949 916 3027; x_wconf 82' lang='lat' dir='ltr'>fatiscent,</span> 
     </span>
    </p>

    <p class='ocr_par' dir='ltr' id='par_1_9' title="bbox 65 3066 990 3175">
     <span class='ocr_line' id='line_1_22' title="bbox 65 3066 990 3175; baseline 0.002 -22"><span class='ocrx_word' id='word_1_137' title='bbox 65 3066 78 3085; x_wconf 61' lang='grc'><em>’</em></span> <span class='ocrx_word' id='word_1_138' title='bbox 100 3087 148 3153; x_wconf 86' lang='lat' dir='ltr'>Vt</span> <span class='ocrx_word' id='word_1_139' title='bbox 163 3089 270 3170; x_wconf 80' lang='lat' dir='ltr'>patrie,</span> <span class='ocrx_word' id='word_1_140' title='bbox 289 3104 382 3169; x_wconf 86' lang='lat' dir='ltr'>utque</span> <span class='ocrx_word' id='word_1_141' title='bbox 400 3090 461 3150; x_wconf 88' lang='lat' dir='ltr'>mei</span> <span class='ocrx_word' id='word_1_142' title='bbox 478 3109 540 3148; x_wconf 91' lang='lat' dir='ltr'>non</span> <span class='ocrx_word' id='word_1_143' title='bbox 558 3088 740 3163; x_wconf 87' lang='lat' dir='ltr'>immemor,</span> <span class='ocrx_word' id='word_1_144' title='bbox 763 3089 855 3153; x_wconf 87' lang='lat' dir='ltr'>ardua</span> <span class='ocrx_word' id='word_1_145' title='bbox 872 3089 990 3175; x_wconf 77' lang='lat' dir='ltr'>semper</span> 
     </span>
    </p>
   </div>
   <div class='ocr_carea' id='block_1_6' title="bbox 101 3223 985 3318">
    <p class='ocr_par' dir='ltr' id='par_1_10' title="bbox 101 3223 985 3318">
     <span class='ocr_line' id='line_1_23' title="bbox 101 3223 985 3318; baseline 0.007 -31"><span class='ocrx_word' id='word_1_146' title='bbox 101 3224 239 3289; x_wconf 83' lang='lat' dir='ltr'>Praemia</span> <span class='ocrx_word' id='word_1_147' title='bbox 254 3225 410 3289; x_wconf 88' lang='lat' dir='ltr'>Musarum</span> <span class='ocrx_word' id='word_1_148' title='bbox 426 3225 548 3308; x_wconf 78' lang='lat' dir='ltr'>cupiaet</span> <span class='ocrx_word' id='word_1_149' title='bbox 571 3223 717 3301; x_wconf 70' lang='lat' dir='ltr'>facundus</span> <span class='ocrx_word' id='word_1_150' title='bbox 734 3226 766 3292; x_wconf 70' lang='grc' dir='ltr'>ἃ</span> <span class='ocrx_word' id='word_1_151' title='bbox 783 3230 858 3292; x_wconf 87' lang='lat' dir='ltr'>olim</span> <span class='ocrx_word' id='word_1_152' title='bbox 948 3296 953 3314; x_wconf 48' lang='grc'>,</span> <span class='ocrx_word' id='word_1_153' title='bbox 983 3312 985 3318; x_wconf 28' lang='grc' dir='ltr'>Ι</span> 
     </span>
    </p>
   </div>
   <div class='ocr_carea' id='block_1_7' title="bbox 0 0 1082 3714">
    <p class='ocr_par' dir='ltr' id='par_1_11' title="bbox 0 0 1082 3714">
     <span class='ocr_line' id='line_1_24' title="bbox 0 0 1082 3714; baseline 0 0"><span class='ocrx_word' id='word_1_154' title='bbox 0 0 1082 3714; x_wconf 95' lang='lat' dir='ltr'> </span> 
     </span>
    </p>
   </div>
  </div>
 </body>
</html>
