2144 3714
170 180 243 280 206
326 194 328 201 ’
460 200 762 276 nvsotttt

171 379 291 447 Proelia
309 378 484 442 caurorum.
515 378 602 442 Licet
616 378 668 442 hic
684 381 861 442 commercia
877 381 995 466 linguae
1013 385 1017 392 ⁴

171 519 321 604 iungere,
343 515 376 582 ἀ
391 518 507 581 alterno
521 509 695 580 sermonem
706 535 809 581 texere
825 491 922 601 pulsu.

169 655 282 719 Blanda
300 653 466 718 salutiferas
481 651 665 737 permiscent
678 654 783 716 littora
798 641 909 730 voees,

169 788 212 856 Et
224 800 335 868 vocet,
358 788 389 856 dt
403 791 482 874 peni
496 811 620 854 manua:
643 784 810 853 resonantia
825 794 965 872 utrinque
1058 778 1061 795 ¹

166 929 271 998 Verba
285 926 401 999 refert,
424 929 531 989 medlis
548 948 728 993 concurrens
743 926 878 990 fluslibua
892 927 990 989 Echo.

200 1060 1047 1148 Quipotie,innumerorcultusquehabitusqueretexent,

163 1199 301 1268 Pandere
317 1197 477 1263 testonicat
491 1217 548 1283 per
563 1199 674 1285 lingula
689 1205 813 1282 praedia
828 1197 961 1264 formari

162 1337 237 1402 Non
252 1337 313 1400 hoc
328 1334 449 1427 spernat
465 1335 728 1422 opuaGortyniue
744 1337 855 1424 aliger,
877 1341 960 1402 aedit

159 1472 310 1540 Conditor
324 1472 499 1551 Euboicae,
522 1469 603 1537 casua
621 1495 709 1558 quem
725 1473 840 1562 lingere
855 1472 888 1539 in
903 1497 976 1541 auro

160 1613 329 1679 Conantem
346 1608 475 1711 icarios,
495 1603 588 1695 pa'trii
601 1613 747 1696 pepulere
764 1616 895 1676 doloret.

158 1750 233 1814 Non
250 1747 538 1834 Philo'cecropiust
560 1770 624 1811 non
641 1752 692 1832 qui
707 1750 843 1814 laudatus
858 1749 895 1812 ab
914 1749 1011 1825 holle,

157 1886 243 1951 Clara
259 1886 406 1972 Syracosii
420 1860 520 1951 ττικίῑς
532 1889 696 1950 certamina
712 1864 796 1951 belli.
898 1963 904 1972 Ι

154 2016 316 2084 Forsan&
337 2019 464 2103 insignes
479 2020 698 2101 hominumque
717 2045 902 2106 operumque
920 2025 1040 2087 laborer

153 2157 214 2221 llic
230 2154 337 2218 habuit
354 2152 472 2215 decimo
488 2152 637 2214 celebrata
653 2157 808 2218 volumine
825 2158 923 2219 Marci

80 2301 87 2332 ¹
152 2271 339 2359 Hebdomon.
371 2289 432 2354 Hic
449 2292 521 2353 clari
537 2290 659 2373 viguere
677 2291 863 2355 Menecratis
881 2311 973 2370 artes,

151 2429 252 2512 Atque
268 2425 377 2521 Ephefi
395 2428 520 2513 spoliata
535 2405 658 2490 manunt
650 2429 755 2494 ·vel
746 2454 778 2492 m
793 2452 861 2495 arce
876 2430 1038 2498 Minervae

150 2566 277 2642 lirinum
301 2566 419 2652 magico
438 2585 486 2629 cur
477 2564 621 2626 Notion
635 2568 742 2648 perlita
759 2567 830 2629 fuco

76 2736 79 2747 ,
148 2670 256 2770 Allicit
269 2723 360 2768 omne
376 2720 470 2791 genua
487 2700 643 2777 volucres,
664 2706 848 2786 perimitque
865 2709 989 2771 tuende.

149 2844 299 2907 Conditor
315 2843 364 2906 hic
382 2841 482 2905 forsan
499 2837 591 2901 fuerit
609 2830 815 2904 Ptolemaidos
832 2845 916 2908 aulae

147 2978 354 3043 Dinochares:
378 2977 492 3060 quadro
511 2977 559 3038 cui
575 2981 606 3038 in
622 2976 737 3064 fastigia
755 3001 833 3041 cono

145 3117 271 3200 Surgit,
294 3117 325 3179 &
341 3116 403 3199 ipsa
419 3115 482 3176 suas
497 3115 647 3179 consumit
664 3117 800 3200 Pyramia
814 3117 948 3181 umbrat.

47 3298 49 3303 s
146 3249 240 3314 lullus
257 3250 298 3314 ob
313 3253 418 3315 incelli
433 3254 485 3336 qui
499 3257 651 3336 quondam
667 3253 773 3339 foqdua
793 3257 911 3337 amorio
