2144 3714
151 204 214 274 erc
440 175 741 251 avsonrt

153 363 309 445 colligant,
333 375 458 428 eorum,
481 375 554 435 quae
579 355 659 447 intuo
682 349 886 433 praedicanda
912 350 1042 430 sunt,a

153 519 203 561 me
225 492 406 577 poscendam
432 488 489 551 elle
515 491 675 564 notitiam,
698 486 734 549 ab
757 489 822 549 aliis
841 490 1040 575 dignitatem.

51 612 57 623 “
152 631 220 693 Nee
238 627 434 700 excellentia,
463 626 513 688 sea
532 628 705 706 ,aetianae
722 610 869 687 trenaee.
915 628 1041 715 Nauem

152 785 186 829 tu
204 784 333 845 unquam
358 765 437 822 diem
463 762 501 822 ab
528 760 725 823 adolescentia
743 780 814 835 tua,
835 763 894 824 nist
913 767 1040 827 adorato

151 903 213 963 Dei
230 901 366 969 numine,
390 897 504 960 &reue
520 898 599 972 voti,
622 896 745 961 &illico
761 897 918 962 absolutus
940 904 1039 987 egilii3

64 1074 67 1079 ·
151 1037 241 1098 lautis
256 1033 406 1107 manibus,
428 1053 531 1097 mente
545 1055 631 1117 pura,
654 1033 871 1096 immaculabili
885 1014 1040 1099 conl'cien·

153 1173 209 1245 tia,
233 1169 359 1249 &quod
374 1170 405 1229 in
422 1173 522 1250 paucis
543 1171 595 1243 est,
619 1172 806 1252 cogitatione
822 1171 953 1235 sincera.
985 1173 1041 1236 Cu·

150 1306 199 1388 jus
216 1322 317 1367 autem
331 1326 464 1396 ¹unquam
481 1305 609 1390 egressus
629 1307 811 1389 auspicatior
826 1307 904 1384 fuit,
926 1327 982 1372 aut
996 1313 1039 1372 in·

152 1425 245 1507 celsus
267 1441 452 1518 modestior,
474 1462 524 1505 aut
540 1443 688 1506 habitudo
707 1444 898 1521 cohibitior,
921 1465 977 1510 aut
998 1446 1038 1511 fa·

50 1634 53 1638 Α
152 1580 279 1642 miliario
306 1577 426 1640 babitus
452 1581 690 1658 condecentior,
711 1600 761 1644 aut
777 1585 922 1646 militarie
942 1588 1038 1649 accin-

152 1718 248 1780 {tiore
272 1716 311 1776 ln
324 1718 496 1779 exercendo
512 1739 640 1801 corpore
660 1723 725 1802 quis
746 1721 864 1783 cursum
889 1740 955 1784 tam
972 1744 1037 1806 pet·

152 1856 263 1917 niciter
279 1826 437 1918 incitauitl
468 1856 549 1940 Quis
566 1859 816 1945 palaestramtam
832 1856 974 1922 lubricus
990 1883 1039 1924 eu·

151 1994 290 2073 pedivit?
314 1992 393 2074 Quia
405 1992 510 2055 saltum
519 1995 550 2054 in
560 2012 621 2056 tam
632 1993 756 2058 sublime
767 1996 916 2079 collegit?
938 1999 1035 2061 Nemo

151 2128 303 2189 adduitius
327 2127 423 2206 jacula
449 2132 617 2201 contorsit,
648 2153 738 2190 nemo
761 2131 873 2211 spicula
900 2136 1034 2198 crebrius

149 2262 241 2344 jecit,
273 2282 325 2327 aut
349 2267 458 2327 certius
484 2247 624 2327 destinata
648 2264 794 2347 percellit.
838 2265 1036 2335 Mirabamut

148 2411 284 2484 po'e'tam,
307 2405 357 2483 qui
373 2401 510 2464 infrenos
527 2404 646 2466 dixerat
658 2403 824 2465 Numidasz'
847 2403 880 2467 ἃ
894 2409 1036 2483 alterum,

148 2540 197 2616 qui
215 2539 257 2599 ita
274 2539 450 2624 collegerat,
474 2556 508 2599 ut
525 2542 652 2615 diceret,
663 2524 703 2600 'in
721 2543 884 2620 equitando
903 2544 1037 2607 verbere

146 2670 177 2736 ἀ
192 2693 353 2763 praecepta
370 2673 427 2738 elle
443 2675 553 2761 fugae,
576 2677 607 2740 δι
621 2694 780 2759 praecepta
794 2678 924 2739 fistendi.
971 2681 1034 2742 Ob·

144 2807 261 2869 scutum
280 2809 340 2871 hoc
361 2813 451 2873 nobis
469 2808 641 2899 legentibus
657 2833 744 2898 etat..
772 2815 988 2878 Intelleximus
1005 2833 1033 2884 te

85 2928 92 2939 ’
142 2943 294 3019 videntes,
317 2967 407 3026 quum
423 2951 503 3010 idem
522 2973 624 3013 arcum
638 2935 825 3024 intenderes,
848 2949 881 3014 ἃ
895 2951 1030 3021 habenae
1042 3010 1053 3025 ,,

1048 3030 1054 3061 l

140 3079 339 3143 remitteres:
378 3103 429 3147 aut
457 3108 565 3166 equum
592 3088 712 3173 segnius
742 3106 866 3150 euntem
897 3070 1055 3183 verbere}

1038 3472 1054 3650 l

136 3215 333 3292 concitares,
372 3223 422 3285 vel
455 3226 564 3285 eodem
595 3226 727 3288 verbere
757 3228 1025 3308 intemperantiam

956 3318 964 3339 Ι
1022 3314 1026 3337 ‚¹

55 3412 93 3472 h.
