2144 3714
84 212 149 291 273
277 170 280 175 ’
374 194 678 268 nvsourr

84 377 129 444 Et
143 376 237 461 tingit
251 373 341 467 piceo
355 371 521 455 lacrymosa
536 356 671 434 colonica
689 367 786 431 fumo.

87 513 176 598 Quid
190 530 313 583 rerum,
335 507 495 589 musaeque
513 525 643 595 gerunt,
666 506 698 570 ἃ
714 522 821 569 cantor
836 503 978 589 Apellei

86 649 194 714 Musae
212 669 275 709 non
291 646 438 708 Helicone
452 643 552 722 satae,
574 668 630 709 uec
644 644 731 708 sonte
748 645 854 707 caballi
862 628 880 708 τ’

85 787 147 850 Sed
163 806 238 867 quae
255 783 387 848 secundo
404 785 442 847 de
457 785 579 867 pestere
595 782 797 860 Clementini,

88 922 239 1004 Inspirant
255 939 366 981 vacuos
385 923 482 984 aliena
498 939 600 986 mente
614 930 731 1007 po'e‘tae.

88 1058 158 1120 lure
176 1056 315 1136 quidem:
338 1074 407 1117 nam
422 1059 489 1136 quie
506 1062 594 1122 malit
610 1059 660 1122 sua
676 1060 808 1122 carmina
826 1056 903 1132 dici,

90 1196 162 1280 Qui
173 1210 204 1257 te
220 1191 323 1255 securo
337 1191 427 1276 posiit
441 1195 635 1277 proscindere
652 1194 735 1258 risu?

89 1334 175 1396 Haec
190 1351 308 1412 quoque
322 1351 361 1391 ne
377 1330 511 1393 nostrum
526 1330 636 1416 puffiut
648 1350 757 1418 urgere
774 1332 943 1414 pudorem,
978 1338 981 1347 '

89 1469 142 1533 Tu
156 1469 266 1531 recita:
290 1466 321 1530 ἃ
336 1488 410 1531 vere
424 1485 569 1551 poterunt
586 1485 637 1532 tua
654 1458 730 1532 diui·
745 1471 854 1532 videri.

47 1680 50 1698 Ι
92 1602 195 1690 Quam
210 1623 312 1681 tamen
326 1627 449 1670 exerces
463 1606 660 1670 Medulorum
675 1609 708 1668 in
723 1608 828 1669 littore
844 1606 962 1668 uitamr

92 1741 284 1806 Mercatusne
301 1746 411 1831 agitas,
433 1746 553 1810 leviore
568 1743 746 1807 nomismate
765 1759 906 1833 captane,
956 1782 961 1791 ,

91 1881 204 1944 Insania
221 1884 301 1963 quod
318 1904 392 1945 mox
407 1884 515 1966 pretiis
533 1848 632 1969 ¹grauia
647 1883 744 1946 auiiio
762 1883 893 1945 vendat?
917 1903 920 1918 ·
971 1854 977 1861 ’

31 2068 36 2079 ,
92 2019 240 2082 Albentee
257 2018 321 2085 sevi
337 2021 496 2106 globulos,
519 2020 689 2106 &pinguia
707 2040 793 2082 cerae

93 2123 246 2231 sundere,
264 2128 487 2242 Naryciamque
501 2160 615 2239 picem,
630 2154 803 2236 scissamque
814 2174 981 2239 papyrum,

94 2289 121 2354 F
122 2292 313 2376 amantesque
329 2298 446 2358 olidum
460 2294 604 2381 paganica
620 2293 733 2352 lumina
749 2292 870 2354 taedae?

93 2429 144 2494 An
160 2429 276 2512 majora
293 2454 421 2519 gerens,
443 2450 510 2496 tota
526 2432 650 2516 regione
664 2446 807 2516 vagantes

92 2567 285 2651 Persequerie
302 2572 405 2634 sures?
429 2571 493 2652 Qui
510 2587 560 2644 te,
581 2568 732 2648 postrema
747 2563 906 2641 timenter,

91 2706 127 2766 ln
143 2725 282 2789 partem,
304 2694 503 2792 praedamque
523 2720 645 2768 vocent.
675 2703 727 2764 Tu
743 2705 845 2793 mitis,
864 2702 895 2766 &
910 2703 980 2768 osor

94 2845 253 2929 Sanguinis
269 2845 394 2910 humani
412 2846 567 2909 condonas
585 2843 711 2905 crimina
728 2845 871 2917 nummis,

92 2979 300 3066 Erroremque
315 3004 425 3058 vocas,
447 2985 638 3077 pretiumque
654 2983 788 3062 imponis
807 2979 916 3039 abnuis

92 3116 218 3195 Bubus,
241 3120 320 3184 &in
338 3136 457 3203 partem
474 3118 621 3184 scelerum
639 3120 676 3181 de
692 3117 794 3197 judice
813 3115 937 3179 transis?

91 3253 142 3316 An
156 3254 334 3319 cumfratre
352 3277 444 3344 vagor
460 3260 581 3323 dumeta
597 3279 653 3343 per
671 3260 739 3330 avie
755 3274 863 3332 cervos
