2144 3714
617 74 631 127 l

165 198 924 338 onnrrnnvsrrcr10“,55

40 416 210 474 to‘e'rce'res.
255 408 319 491 Qui
337 423 368 470 te
383 407 436 471 viss
455 406 523 470 sunt
538 405 599 509 hoc
616 406 766 484 docuisse,
796 431 859 472 non
876 412 921 476 fa-

40 549 143 609 ciunt:
165 548 319 626 immoqui
332 544 467 625 vilisunt
481 544 624 625 docuilse,
647 547 862 611 nuncdiscunt.
886 551 920 612 ln

10 662 21 685 ²
37 681 115 745 cibis
138 700 258 758 autem,
288 681 371 762 cujus
392 681 555 744 sacerdotis
575 682 772 777 abstinentior
790 688 917 749 cerimo.

33 822 108 883 nial
133 821 166 882 ln
181 819 277 893 vino,
300 816 383 895 cujus
400 814 478 878 senis
496 815 596 877 mensa
611 815 776 902 frugaliori
800 818 918 902 Operto

34 926 188 1020 conclavis
212 955 255 1016 tui
272 973 334 1014 non
350 918 474 1013 sannio}
496 952 709 1030 araVestalis,
732 978 794 1018 non
811 956 918 1020 Ponti.

34 1095 104 1157 ficis
124 1091 221 1153 cubile
243 1089 365 1162 castius,
394 1109 450 1151 nec
465 1089 607 1172 pulvinar
623 1091 763 1153 Flaminis
782 1113 842 1155 tam
860 1117 916 1176 pu.

34 1230 147 1293 dicum.
180 1229 213 1289 ln
228 1222 333 1289 officiis
352 1228 517 1290 amicorum
531 1251 594 1290 non
612 1231 679 1289 dico
694 1212 778 1310 paria
795 1230 914 1309 reddis,

32 1360 266 1438 antevenim&
282 1365 420 1443 quotiens
437 1365 469 1423 in
488 1360 678 1442 obsequendo
696 1367 914 1445 praecedimus,

35 1498 189 1565 erubescis
206 1499 323 1581 pudore
342 1515 402 1560 tam
420 1497 577 1574 obnoxio,
600 1520 686 1581 quam
702 1504 734 1562 in
751 1500 838 1564 nobis
856 1501 914 1565 else

29 1634 597 1718 debererabImperatorepraeventis.
642 1637 911 1717 lnillaverosede,
1008 1648 1012 1658 “

19 1746 68 1838 'nt
90 1794 127 1836 ex
152 1794 237 1836 more
260 1770 430 1853 loquimur,
453 1740 649 1863 consistorii,
663 1791 696 1836 ut
723 1795 779 1860 ego
802 1775 912 1852 sentio,

25 1909 150 1975 sacrarii
165 1908 230 1983 tui,
253 1909 349 1969 nullus
367 1930 494 1990 unquam
513 1906 701 1993 superiorum
718 1929 769 1973 aut
785 1914 912 1975 dicenda

27 2036 149 2134 pensius
168 2049 329 2132 cogitavit,
351 2018 589 2111 au't'consultius
608 2051 736 2133 cogitata
753 2049 911 2149 disposuit,
1008 2062 1010 2067 '

12 2153 237 2269 „aut'dispofita
254 2187 398 2246 maturius
416 2186 581 2267 expedivit.
621 2185 661 2250 Et
677 2161 771 2264 aliqua
788 2187 825 2246 de
841 2194 910 2247 ora·

25 2320 118 2384 toriis
129 2310 367 2382 virtutibusituis
380 2310 523 2390 dicerem,
547 2318 599 2379 nili
614 2340 737 2381 vererer
751 2319 827 2379 mihi
842 2340 911 2402 gra·

23 2456 150 2524 tificari.
185 2448 257 2514 Non
275 2450 356 2512 enim
373 2450 518 2531 Sulpicius
537 2452 635 2512 acrior
651 2451 683 2511 in
700 2451 908 2525 concionibus,

26 2611 89 2657 nec
105 2587 226 2669 majoris
243 2589 372 2649 Gracchi
390 2564 660 2679 commendabilior
675 2578 818 2651 modestia
834 2584 907 2660 fuit,

26 2749 88 2794 nec
102 2726 194 2811 patris
212 2725 255 2786 tui
274 2723 396 2810 gravior
411 2688 576 2786 austoricus.
622 2725 686 2807 Qui
705 2744 793 2787 tenor
807 2715 925 2795 vocis(

27 2887 123 2952 quum
142 2867 264 2926 incitata
280 2862 474 2944 pronuncias!
498 2882 571 2943 qnae
584 2863 726 2935 inflexio,
750 2870 840 2942 quum
857 2877 907 2921 re·
925 2876 927 2887 ¹
989 2927 1002 2936 ,

28 3000 133 3069 milla!
165 3021 238 3083 quae
255 2986 456 3084 temperatio,
479 3018 569 3080 quum
591 3020 716 3080 utraque
737 2995 906 3080 dispensas!

22 3103 113 3223 ‘Quis
143 3132 395 3204 oratorum'laeta
421 3136 598 3217 jucundius,
628 3104 756 3198 iucunda
779 3135 905 3219 cultius,

26 3275 197 3360 pugnantia
220 3275 355 3350 densius,
379 3272 497 3338 densata
514 3277 727 3371 glomeratius,
749 3288 800 3335 aut
814 3268 907 3340 arxis,

671 3414 736 3481 Zo
