2144 3714
166 222 228 298 258
455 210 756 286 AVSONII

321 422 376 501 De
395 421 534 497 ratione
556 400 735 521 puerperii
754 423 899 506 maturi,

167 627 309 745 Omnia,
331 689 406 751 quae
422 667 508 731 vario
523 687 624 730 rerum
640 668 784 731 metimur
800 671 832 733 in
850 673 932 745 astu,

166 809 325 874 Astrorum
344 808 516 868 dominatur
535 807 615 891 agit:
638 823 816 891 terrenaque
835 827 951 872 tanturn

165 940 447 1008 Membrehonrini.
470 939 622 1026 Esuperir
631 942 766 1021 fortuna,
783 937 946 1029 &spdritue
960 952 1053 1028 aurit,

165 1085 301 1165 Septeno
314 1080 497 1141 moderanda
512 1078 628 1142 choro:
652 1080 703 1141 sed
720 1068 871 1163 praefidet
888 1086 959 1150 olli·

166 1222 300 1285 Sortitus
315 1218 450 1304 regimen
465 1215 578 1278 nitidae
594 1214 637 1276 sol
652 1236 758 1278 aureus
775 1219 888 1283 ethroe.

163 1357 232 1420 Nec
246 1357 308 1418 sola
324 1360 357 1418 in
372 1356 461 1417 nobie
477 1355 650 1417 moderatur
665 1373 804 1439 tempore
817 1358 912 1434 vitae,

163 1498 246 1559 Dum
264 1495 357 1558 breve
375 1493 498 1556 solliciti
514 1493 643 1576 spatium
658 1494 854 1577 producimus
871 1499 959 1561 aevi:

164 1633 304 1697 Creditur
318 1630 509 1712 occultosque
527 1629 624 1704 satur,
647 1629 678 1694 ἃ
695 1648 833 1713 tempora
849 1635 932 1698 vitae

162 1770 306 1836 Materno
323 1771 458 1834 ducenda
472 1786 579 1844 utero,
601 1764 734 1831 formare
748 1769 902 1846 videndo,

159 1903 203 1969 Et
220 1910 354 1967 nondum
371 1925 494 1968 exortae
509 1906 592 1991 leger
611 1928 798 1990 componere
814 1911 906 1975 vitae·
990 1894 994 1915 ¹

159 1994 298 2117 Nquue
312 2039 365 2095 ubi
381 2055 546 2116 conceptue
563 2043 688 2121 genitali
704 2043 849 2105 insederit
866 2066 956 2122 arvo,
1071 2081 1072 2111 r

157 2175 245 2238 Haud
262 2166 494 2235 dubium'solern
510 2170 674 2248 cuicunque
691 2176 820 2238 infissere
838 2179 932 2261 figno.

157 2311 223 2396 Qui
237 2332 328 2394 quum
346 2308 442 2373 vicini
459 2304 616 2367 stationem
634 2311 751 2390 ceperit
770 2312 855 2390 astri,

156 2436 325 2537 contiguos
342 2448 456 2510 nullum
471 2444 653 2510 transfundit
668 2448 771 2512 lumen
786 2451 818 2514 in
835 2469 931 2518 ortus.

198 2589 251 2650 Ast
267 2589 319 2649 ubi
339 2582 485 2648 conversus
501 2585 570 2666 post
584 2586 731 2649 menstrua
747 2605 884 2674 tempora
901 2590 1040 2674 habenis,

151 2725 277 2790 Scandit
295 2745 451 2809 purpureo
467 2721 529 2802 jam
547 2723 636 2785 tertia
653 2724 746 2803 fidere
763 2747 870 2794 curru:

154 2864 286 2944 Obliqua
303 2866 413 2926 exilem
430 2863 566 2925 dernittit
578 2862 657 2925 linea
672 2862 785 2939 lucem3
836 2848 839 2855 “

149 2997 295 3079 Aspirans
312 3014 416 3062 tenues
431 3021 488 3082 per
504 3001 613 3064 inertia
630 3001 765 3083 pondera
783 3019 894 3066 motus.

96 3130 99 3141 ⁴
148 3135 266 3217 Quarta
280 3139 311 3195 in
328 3135 395 3197 sede
412 3138 498 3219 viget
512 3140 605 3219 primi
620 3139 806 3223 indulgentie
823 3138 904 3204 solit.

143 3268 303 3335 Suadet&
320 3269 432 3334 infusus
451 3289 571 3336 teneros
590 3276 754 3341 coalescere
772 3277 863 3342 fetur.
