<?xml version="1.0" encoding="UTF-8"?>
<!DOCTYPE html PUBLIC "-//W3C//DTD XHTML 1.0 Transitional//EN"
    "http://www.w3.org/TR/xhtml1/DTD/xhtml1-transitional.dtd">
<html xmlns="http://www.w3.org/1999/xhtml" xml:lang="en" lang="en">
 <head>
  <title>
</title>
<meta http-equiv="Content-Type" content="text/html;charset=utf-8" />
  <meta name='ocr-system' content='tesseract 3.04.00' />
  <meta name='ocr-capabilities' content='ocr_page ocr_carea ocr_par ocr_line ocrx_word'/>
</head>
<body>
  <div class='ocr_page' id='page_1' title='image "./dmagniavsoniibv00scalgoog_0345.png"; bbox 0 0 2144 3714; ppageno 0'>
   <div class='ocr_carea' id='block_1_1' title="bbox 158 157 817 277">
    <p class='ocr_par' dir='ltr' id='par_1_1' title="bbox 158 157 817 277">
     <span class='ocr_line' id='line_1_1' title="bbox 158 157 817 277; baseline -0.003 -29"><span class='ocrx_word' id='word_1_1' title='bbox 158 211 272 277; x_wconf 81' lang='lat'><em>.320</em></span> <span class='ocrx_word' id='word_1_2' title='bbox 496 157 817 255; x_wconf 74' lang='lat' dir='ltr'><strong>auson-rr</strong></span> 
     </span>
    </p>
   </div>
   <div class='ocr_carea' id='block_1_2' title="bbox 133 355 1014 1270">
    <p class='ocr_par' dir='ltr' id='par_1_2' title="bbox 133 355 946 585">
     <span class='ocr_line' id='line_1_2' title="bbox 133 355 946 455; baseline -0.005 -28"><span class='ocrx_word' id='word_1_3' title='bbox 133 430 136 435; x_wconf 70' lang='grc'>,</span> <span class='ocrx_word' id='word_1_4' title='bbox 209 367 312 447; x_wconf 84' lang='lat' dir='ltr'><strong>(Nam</strong></span> <span class='ocrx_word' id='word_1_5' title='bbox 334 355 497 447; x_wconf 85' lang='lat' dir='ltr'><strong>gloriosum</strong></span> <span class='ocrx_word' id='word_1_6' title='bbox 521 359 684 420; x_wconf 71' lang='lat' dir='ltr'><strong>Graeculus</strong></span> <span class='ocrx_word' id='word_1_7' title='bbox 706 380 817 455; x_wconf 71' lang='lat' dir='ltr'><strong>nomen</strong></span> <span class='ocrx_word' id='word_1_8' title='bbox 838 373 946 443; x_wconf 78' lang='lat' dir='ltr'><strong>putat,</strong></span> 
     </span>
     <span class='ocr_line' id='line_1_3' title="bbox 156 494 741 585; baseline -0.009 -24"><span class='ocrx_word' id='word_1_9' title='bbox 156 525 159 534; x_wconf 74' lang='lat'><strong><em>¹</em></strong></span> <span class='ocrx_word' id='word_1_10' title='bbox 253 498 347 585; x_wconf 80' lang='lat' dir='ltr'><strong>Quod</strong></span> <span class='ocrx_word' id='word_1_11' title='bbox 369 497 465 557; x_wconf 86' lang='lat' dir='ltr'><strong>sermo</strong></span> <span class='ocrx_word' id='word_1_12' title='bbox 488 494 569 557; x_wconf 88' lang='lat' dir='ltr'><strong>fucat</strong></span> <span class='ocrx_word' id='word_1_13' title='bbox 590 498 741 574; x_wconf 83' lang='lat' dir='ltr'><strong>Doricus)</strong></span> 
     </span>
    </p>

    <p class='ocr_par' dir='ltr' id='par_1_3' title="bbox 208 599 830 857">
     <span class='ocr_line' id='line_1_4' title="bbox 208 599 830 716; baseline -0.014 -15"><span class='ocrx_word' id='word_1_14' title='bbox 208 640 275 702; x_wconf 82' lang='lat' dir='ltr'><strong>Suis</strong></span> <span class='ocrx_word' id='word_1_15' title='bbox 297 599 425 716; x_wconf 81' lang='lat' dir='ltr'><strong>querelis</strong></span> <span class='ocrx_word' id='word_1_16' title='bbox 449 630 547 694; x_wconf 74' lang='lat' dir='ltr'><strong>riserit</strong></span> <span class='ocrx_word' id='word_1_17' title='bbox 568 622 681 693; x_wconf 81' lang='lat' dir='ltr'><strong>nostras</strong></span> <span class='ocrx_word' id='word_1_18' title='bbox 702 653 830 713; x_wconf 88' lang='lat' dir='ltr'><strong>preces:</strong></span> 
     </span>
     <span class='ocr_line' id='line_1_5' title="bbox 251 766 740 857; baseline -0.008 -24"><span class='ocrx_word' id='word_1_19' title='bbox 251 775 336 857; x_wconf 82' lang='lat' dir='ltr'><strong>Quas</strong></span> <span class='ocrx_word' id='word_1_20' title='bbox 357 768 420 850; x_wconf 88' lang='lat' dir='ltr'><strong>ipse</strong></span> <span class='ocrx_word' id='word_1_21' title='bbox 443 770 541 830; x_wconf 84' lang='lat' dir='ltr'><strong>lentus</strong></span> <span class='ocrx_word' id='word_1_22' title='bbox 562 766 740 850; x_wconf 83' lang='lat' dir='ltr'><strong>prosequor.</strong></span> 
     </span>
    </p>

    <p class='ocr_par' dir='ltr' id='par_1_4' title="bbox 167 885 896 1145">
     <span class='ocr_line' id='line_1_6' title="bbox 167 885 896 988; baseline -0.004 -16"><span class='ocrx_word' id='word_1_23' title='bbox 167 885 174 901; x_wconf 45' lang='lat'><em>⁶</em></span> <span class='ocrx_word' id='word_1_24' title='bbox 208 909 337 981; x_wconf 76' lang='lat' dir='ltr'><strong>Videbis</strong></span> <span class='ocrx_word' id='word_1_25' title='bbox 360 906 477 988; x_wconf 80' lang='lat' dir='ltr'><strong>ipsum,</strong></span> <span class='ocrx_word' id='word_1_26' title='bbox 501 906 592 985; x_wconf 86' lang='lat' dir='ltr'><strong>qualis</strong></span> <span class='ocrx_word' id='word_1_27' title='bbox 615 905 688 967; x_wconf 86' lang='lat' dir='ltr'><strong>astet</strong></span> <span class='ocrx_word' id='word_1_28' title='bbox 710 908 896 986; x_wconf 83' lang='lat' dir='ltr'><strong>comminus,</strong></span> 
     </span>
     <span class='ocr_line' id='line_1_7' title="bbox 251 1041 797 1145; baseline -0.011 -38"><span class='ocrx_word' id='word_1_29' title='bbox 251 1048 354 1129; x_wconf 80' lang='lat' dir='ltr'>Imago</span> <span class='ocrx_word' id='word_1_30' title='bbox 376 1041 516 1145; x_wconf 73' lang='lat' dir='ltr'><strong>fortunae</strong></span> <span class='ocrx_word' id='word_1_31' title='bbox 538 1041 627 1117; x_wconf 87' lang='lat' dir='ltr'><strong>suae,</strong></span> <span class='ocrx_word' id='word_1_32' title='bbox 700 1108 703 1113; x_wconf 61' lang='grc'>,</span> <span class='ocrx_word' id='word_1_33' title='bbox 793 1071 797 1076; x_wconf 91' lang='grc'><strong><em>·</em></strong></span> 
     </span>
    </p>

    <p class='ocr_par' dir='ltr' id='par_1_5' title="bbox 206 1177 1014 1270">
     <span class='ocr_line' id='line_1_8' title="bbox 206 1177 1014 1270; baseline -0.007 -26"><span class='ocrx_word' id='word_1_34' title='bbox 206 1182 325 1255; x_wconf 77' lang='lat' dir='ltr'><strong>Canus,</strong></span> <span class='ocrx_word' id='word_1_35' title='bbox 349 1178 504 1250; x_wconf 85' lang='lat' dir='ltr'><strong>comosus,</strong></span> <span class='ocrx_word' id='word_1_36' title='bbox 527 1177 684 1270; x_wconf 85' lang='lat' dir='ltr'><strong>hispidus,</strong></span> <span class='ocrx_word' id='word_1_37' title='bbox 706 1198 797 1258; x_wconf 84' lang='lat' dir='ltr'><strong>trux,</strong></span> <span class='ocrx_word' id='word_1_38' title='bbox 820 1183 963 1262; x_wconf 85' lang='lat' dir='ltr'><strong>attubus,</strong></span> <span class='ocrx_word' id='word_1_39' title='bbox 1009 1221 1014 1238; x_wconf 88' lang='lat'><strong>.</strong></span> 
     </span>
    </p>
   </div>
   <div class='ocr_carea' id='block_1_3' title="bbox 249 1313 633 1379">
    <p class='ocr_par' dir='ltr' id='par_1_6' title="bbox 249 1313 633 1379">
     <span class='ocr_line' id='line_1_9' title="bbox 249 1313 633 1379; baseline -0.008 0"><span class='ocrx_word' id='word_1_40' title='bbox 249 1318 452 1379; x_wconf 77' lang='lat' dir='ltr'>Terentianus</span> <span class='ocrx_word' id='word_1_41' title='bbox 475 1313 633 1379; x_wconf 85' lang='lat' dir='ltr'><strong>Phormio.</strong></span> 
     </span>
    </p>
   </div>
   <div class='ocr_carea' id='block_1_4' title="bbox 202 1453 827 1544">
    <p class='ocr_par' dir='ltr' id='par_1_7' title="bbox 202 1453 827 1544">
     <span class='ocr_line' id='line_1_10' title="bbox 202 1453 827 1544; baseline -0.003 -24"><span class='ocrx_word' id='word_1_42' title='bbox 202 1456 345 1520; x_wconf 72' lang='lat' dir='ltr'><strong>Horrens</strong></span> <span class='ocrx_word' id='word_1_43' title='bbox 369 1453 483 1534; x_wconf 81' lang='lat' dir='ltr'><strong>capillis</strong></span> <span class='ocrx_word' id='word_1_44' title='bbox 506 1469 540 1514; x_wconf 87' lang='lat' dir='ltr'><strong>ut</strong></span> <span class='ocrx_word' id='word_1_45' title='bbox 560 1456 701 1544; x_wconf 31' lang='lat' dir='ltr'><strong>marinus·</strong></span> <span class='ocrx_word' id='word_1_46' title='bbox 716 1453 827 1539; x_wconf 78' lang='lat' dir='ltr'><strong>asperis</strong></span> 
     </span>
    </p>
   </div>
   <div class='ocr_carea' id='block_1_5' title="bbox 102 1591 965 3306">
    <p class='ocr_par' dir='ltr' id='par_1_8' title="bbox 249 1591 691 1662">
     <span class='ocr_line' id='line_1_11' title="bbox 249 1591 691 1662; baseline -0.005 -7"><span class='ocrx_word' id='word_1_47' title='bbox 249 1592 401 1662; x_wconf 82' lang='lat' dir='ltr'><strong>Echinus,</strong></span> <span class='ocrx_word' id='word_1_48' title='bbox 424 1610 474 1653; x_wconf 90' lang='lat' dir='ltr'><strong>aut</strong></span> <span class='ocrx_word' id='word_1_49' title='bbox 496 1591 597 1654; x_wconf 86' lang='lat' dir='ltr'><strong>versus</strong></span> <span class='ocrx_word' id='word_1_50' title='bbox 619 1595 691 1654; x_wconf 85' lang='lat' dir='ltr'><strong>mei.</strong></span> 
     </span>
    </p>

    <p class='ocr_par' dir='ltr' id='par_1_9' title="bbox 204 1726 945 1947">
     <span class='ocr_line' id='line_1_12' title="bbox 204 1726 945 1814; baseline -0.001 -21"><span class='ocrx_word' id='word_1_51' title='bbox 204 1731 268 1798; x_wconf 76' lang='lat' dir='ltr'><strong>Hic</strong></span> <span class='ocrx_word' id='word_1_52' title='bbox 289 1730 375 1811; x_wconf 89' lang='lat' dir='ltr'><strong>saepe</strong></span> <span class='ocrx_word' id='word_1_53' title='bbox 396 1726 483 1787; x_wconf 87' lang='lat' dir='ltr'><strong>falsus</strong></span> <span class='ocrx_word' id='word_1_54' title='bbox 505 1726 643 1789; x_wconf 85' lang='lat' dir='ltr'><strong>meflibus</strong></span> <span class='ocrx_word' id='word_1_55' title='bbox 664 1731 887 1814; x_wconf 83' lang='lat' dir='ltr'><strong>vegrandibus,</strong></span> <span class='ocrx_word' id='word_1_56' title='bbox 943 1744 945 1749; x_wconf 82' lang='lat'>&#39;</span> 
     </span>
     <span class='ocr_line' id='line_1_13' title="bbox 248 1829 652 1947; baseline -0.007 -17"><span class='ocrx_word' id='word_1_57' title='bbox 248 1868 371 1930; x_wconf 85' lang='lat' dir='ltr'><strong>Nomen</strong></span> <span class='ocrx_word' id='word_1_58' title='bbox 389 1862 517 1947; x_wconf 87' lang='lat' dir='ltr'><strong>perosus</strong></span> <span class='ocrx_word' id='word_1_59' title='bbox 539 1829 652 1942; x_wconf 85' lang='lat' dir='ltr'><strong>villici,</strong></span> 
     </span>
    </p>

    <p class='ocr_par' dir='ltr' id='par_1_10' title="bbox 169 2002 892 2233">
     <span class='ocr_line' id='line_1_14' title="bbox 169 2002 892 2087; baseline 0.003 -20"><span class='ocrx_word' id='word_1_60' title='bbox 169 2007 171 2019; x_wconf 83' lang='grc'><em>“</em></span> <span class='ocrx_word' id='word_1_61' title='bbox 207 2007 346 2067; x_wconf 85' lang='lat' dir='ltr'><strong>Semente</strong></span> <span class='ocrx_word' id='word_1_62' title='bbox 369 2003 450 2077; x_wconf 88' lang='lat' dir='ltr'><strong>sera,</strong></span> <span class='ocrx_word' id='word_1_63' title='bbox 473 2002 534 2065; x_wconf 85' lang='lat' dir='ltr'><strong>five</strong></span> <span class='ocrx_word' id='word_1_64' title='bbox 556 2004 683 2065; x_wconf 87' lang='lat' dir='ltr'><strong>multum</strong></span> <span class='ocrx_word' id='word_1_65' title='bbox 703 2025 892 2087; x_wconf 78' lang='lat' dir='ltr'><strong>praecoqua,</strong></span> 
     </span>
     <span class='ocr_line' id='line_1_15' title="bbox 246 2136 580 2233; baseline -0.006 -31"><span class='ocrx_word' id='word_1_66' title='bbox 246 2139 289 2202; x_wconf 88' lang='lat' dir='ltr'><strong>Et</strong></span> <span class='ocrx_word' id='word_1_67' title='bbox 309 2140 424 2199; x_wconf 79' lang='lat' dir='ltr'><strong>siderali</strong></span> <span class='ocrx_word' id='word_1_68' title='bbox 445 2136 580 2233; x_wconf 79' lang='lat' dir='ltr'><strong>inscitia,</strong></span> 
     </span>
    </p>

    <p class='ocr_par' dir='ltr' id='par_1_11' title="bbox 203 2240 965 2358">
     <span class='ocr_line' id='line_1_16' title="bbox 203 2240 965 2358; baseline -0.003 -17"><span class='ocrx_word' id='word_1_69' title='bbox 203 2240 332 2341; x_wconf 85' lang='lat' dir='ltr'><strong>Coelum</strong></span> <span class='ocrx_word' id='word_1_70' title='bbox 353 2275 512 2350; x_wconf 76' lang='lat' dir='ltr'><strong>lacessens,</strong></span> <span class='ocrx_word' id='word_1_71' title='bbox 535 2273 620 2356; x_wconf 87' lang='lat' dir='ltr'><strong>seque</strong></span> <span class='ocrx_word' id='word_1_72' title='bbox 644 2275 747 2358; x_wconf 90' lang='lat' dir='ltr'><strong>culpae</strong></span> <span class='ocrx_word' id='word_1_73' title='bbox 769 2274 965 2357; x_wconf 84' lang='lat' dir='ltr'><strong>subtrahens,</strong></span> 
     </span>
    </p>

    <p class='ocr_par' dir='ltr' id='par_1_12' title="bbox 135 2414 652 2506">
     <span class='ocr_line' id='line_1_17' title="bbox 135 2414 652 2506; baseline -0.006 -31"><span class='ocrx_word' id='word_1_74' title='bbox 135 2459 144 2475; x_wconf 87' lang='lat'><strong>.</strong></span> <span class='ocrx_word' id='word_1_75' title='bbox 245 2417 329 2478; x_wconf 82' lang='lat' dir='ltr'><strong>Reos</strong></span> <span class='ocrx_word' id='word_1_76' title='bbox 351 2417 473 2499; x_wconf 83' lang='lat' dir='ltr'><strong>peregit</strong></span> <span class='ocrx_word' id='word_1_77' title='bbox 495 2414 652 2506; x_wconf 60' lang='lat' dir='ltr'><strong>coelitem</strong></span> 
     </span>
    </p>

    <p class='ocr_par' dir='ltr' id='par_1_13' title="bbox 203 2552 929 2776">
     <span class='ocr_line' id='line_1_18' title="bbox 203 2552 929 2639; baseline 0.004 -25"><span class='ocrx_word' id='word_1_78' title='bbox 203 2553 278 2615; x_wconf 93' lang='lat' dir='ltr'><strong>Non</strong></span> <span class='ocrx_word' id='word_1_79' title='bbox 301 2554 398 2614; x_wconf 89' lang='lat' dir='ltr'><strong>cultor</strong></span> <span class='ocrx_word' id='word_1_80' title='bbox 420 2552 548 2625; x_wconf 84' lang='lat' dir='ltr'><strong>instans,</strong></span> <span class='ocrx_word' id='word_1_81' title='bbox 571 2573 634 2611; x_wconf 90' lang='lat' dir='ltr'><strong>non</strong></span> <span class='ocrx_word' id='word_1_82' title='bbox 656 2569 755 2614; x_wconf 89' lang='lat' dir='ltr'><strong>arator</strong></span> <span class='ocrx_word' id='word_1_83' title='bbox 777 2559 929 2639; x_wconf 77' lang='lat' dir='ltr'><strong>gnaruris,</strong></span> 
     </span>
     <span class='ocr_line' id='line_1_19' title="bbox 244 2685 824 2776; baseline 0.002 -25"><span class='ocrx_word' id='word_1_84' title='bbox 244 2685 449 2771; x_wconf 83' lang='lat' dir='ltr'><strong>Promusque,</strong></span> <span class='ocrx_word' id='word_1_85' title='bbox 473 2708 560 2768; x_wconf 86' lang='lat' dir='ltr'><strong>quam</strong></span> <span class='ocrx_word' id='word_1_86' title='bbox 583 2691 697 2750; x_wconf 83' lang='lat' dir='ltr'><strong>condus</strong></span> <span class='ocrx_word' id='word_1_87' title='bbox 718 2694 824 2776; x_wconf 84' lang='lat' dir='ltr'><strong>magis.</strong></span> 
     </span>
    </p>

    <p class='ocr_par' dir='ltr' id='par_1_14' title="bbox 102 2825 963 3045">
     <span class='ocr_line' id='line_1_20' title="bbox 102 2825 963 2919; baseline 0.005 -29"><span class='ocrx_word' id='word_1_88' title='bbox 102 2870 105 2874; x_wconf 89' lang='lat'><em>-</em></span> <span class='ocrx_word' id='word_1_89' title='bbox 201 2826 332 2891; x_wconf 77' lang='lat' dir='ltr'><strong>Terram</strong></span> <span class='ocrx_word' id='word_1_90' title='bbox 354 2827 529 2919; x_wconf 86' lang='lat' dir='ltr'><strong>infidelem,</strong></span> <span class='ocrx_word' id='word_1_91' title='bbox 552 2847 608 2885; x_wconf 88' lang='lat' dir='ltr'><strong>nec</strong></span> <span class='ocrx_word' id='word_1_92' title='bbox 629 2825 761 2891; x_wconf 85' lang='lat' dir='ltr'><strong>feracem</strong></span> <span class='ocrx_word' id='word_1_93' title='bbox 784 2832 963 2911; x_wconf 88' lang='lat' dir='ltr'><strong>criminans,</strong></span> 
     </span>
     <span class='ocr_line' id='line_1_21' title="bbox 243 2962 544 3045; baseline 0.01 -24"><span class='ocrx_word' id='word_1_94' title='bbox 243 2962 406 3045; x_wconf 86' lang='lat' dir='ltr'><strong>Negotiari</strong></span> <span class='ocrx_word' id='word_1_95' title='bbox 428 2963 544 3024; x_wconf 87' lang='lat' dir='ltr'><strong>maluit.</strong></span> 
     </span>
    </p>

    <p class='ocr_par' dir='ltr' id='par_1_15' title="bbox 200 3095 849 3306">
     <span class='ocr_line' id='line_1_22' title="bbox 200 3095 773 3180; baseline 0.01 -21"><span class='ocrx_word' id='word_1_96' title='bbox 200 3095 357 3159; x_wconf 85' lang='lat' dir='ltr'><strong>Mereatur</strong></span> <span class='ocrx_word' id='word_1_97' title='bbox 379 3119 498 3180; x_wconf 86' lang='lat' dir='ltr'><strong>quoquo</strong></span> <span class='ocrx_word' id='word_1_98' title='bbox 520 3101 590 3163; x_wconf 87' lang='lat' dir='ltr'><strong>foro</strong></span> <span class='ocrx_word' id='word_1_99' title='bbox 612 3104 773 3165; x_wconf 88' lang='lat' dir='ltr'><strong>venalium.</strong></span> 
     </span>
     <span class='ocr_line' id='line_1_23' title="bbox 240 3208 849 3306; baseline 0.013 -9"><span class='ocrx_word' id='word_1_100' title='bbox 240 3231 401 3297; x_wconf 87' lang='lat' dir='ltr'><strong>Mutuatur</strong></span> <span class='ocrx_word' id='word_1_101' title='bbox 421 3238 459 3301; x_wconf 91' lang='lat' dir='ltr'><strong>ad</strong></span> <span class='ocrx_word' id='word_1_102' title='bbox 483 3239 628 3306; x_wconf 82' lang='lat' dir='ltr'><strong>Graecam</strong></span> <span class='ocrx_word' id='word_1_103' title='bbox 649 3243 753 3306; x_wconf 84' lang='lat' dir='ltr'><strong>fidem.</strong></span> <span class='ocrx_word' id='word_1_104' title='bbox 847 3208 849 3210; x_wconf 15' lang='grc' dir='ltr'>Ι</span> 
     </span>
    </p>
   </div>
   <div class='ocr_carea' id='block_1_6' title="bbox 906 3380 1024 3459">
    <p class='ocr_par' dir='ltr' id='par_1_16' title="bbox 906 3380 1024 3459">
     <span class='ocr_line' id='line_1_24' title="bbox 906 3380 1024 3459; baseline 0.008 -18"><span class='ocrx_word' id='word_1_105' title='bbox 906 3380 1024 3459; x_wconf 81' lang='lat' dir='ltr'><strong>Sapien</strong></span> 
     </span>
    </p>
   </div>
   <div class='ocr_carea' id='block_1_7' title="bbox 0 0 1076 3714">
    <p class='ocr_par' dir='ltr' id='par_1_17' title="bbox 0 0 1076 3714">
     <span class='ocr_line' id='line_1_25' title="bbox 0 0 1076 3714; baseline 0 2"><span class='ocrx_word' id='word_1_106' title='bbox 0 0 1076 3714; x_wconf 95' lang='lat' dir='ltr'><strong> </strong></span> 
     </span>
    </p>
   </div>
  </div>
 </body>
</html>
