2144 3714
326 178 754 261 aaarocuaa‘
905 200 965 279 ms

93 376 149 436 der
164 369 248 434 cursu
266 367 443 443 deerrall'et‚
467 369 635 449 delatusque
650 372 687 431 ad
703 369 878 454 Aegyptum
894 369 968 432 fuis·
1013 441 1015 445 ¹

94 509 159 584 set,
183 511 303 593 cognita
318 507 472 590 hospitalia
489 507 622 569 foederis
640 506 768 585 injuria,
790 527 848 589 per
864 508 972 594 Aegy·

94 632 194 726 ptium
209 650 312 728 regem
329 643 572 708 servantillimum
589 642 657 721 julli
673 645 792 718 virum,
821 610 970 712 Helenam

92 803 160 842 cum
178 783 229 854 iia,
251 773 325 860 quae
342 801 483 842 unacum
500 780 604 840 eadem
621 778 740 840 fuerant
754 777 889 861 abrepta,
911 784 971 844 Pa·

91 919 151 979 ridi
172 915 335 991 sublatam,
359 931 588 999 expugnatoque
612 915 732 977 demum
750 914 808 979 llio
824 915 971 982 Menelao

91 1053 268 1116 restitutam.
375 1102 382 1139 s,

287 1234 465 1332 Periocha
479 1254 560 1333 libri
581 1281 597 1331 1
622 1255 767 1338 Iliados,

89 1442 175 1502 Iram
190 1437 261 1499 diva
277 1440 356 1518 refer
372 1442 440 1499 noti
458 1441 553 1499 Peleos
567 1441 694 1500 Achillei

91 1577 277 1655 Pestiferam:
299 1597 371 1655 quoe
387 1578 467 1636 mille
484 1575 568 1637 dedit
582 1575 755 1658 discrimina
768 1553 900 1667 thiois.

153 1735 280 1822 Chryses
301 1737 453 1820 Apollinis
471 1735 628 1827 sacerdot,
651 1737 691 1800 ob
706 1724 912 1801 redimendam
928 1741 967 1801 fi-

89 1868 163 1935 liam'
178 1895 269 1954 quum
283 1875 505 1957 Agamemnoni
520 1872 727 1956 supplicalset‚
749 1875 967 1959 contumeliosa

89 1996 242 2093 repulsus',
265 2013 355 2074 deum
369 2026 511 2097 precetur
523 2012 665 2074 ultorem.
688 2011 823 2075 Insecuta
840 2012 968 2074 subinde

87 2150 173 2232 gravi
187 2149 373 2231 pestilentia,
396 2170 486 2230 quum
503 2149 686 2212 Graecorum
703 2123 854 2213 exercitus
871 2151 983 2211 inter·'

87 2286 165 2356 iret3
188 2288 271 2368 cogit
294 2285 428 2362 Achillea
446 2287 605 2344 concilium
615 2305 625 2355 ;
648 2284 679 2345 &
701 2283 738 2343 ab
757 2270 865 2349 eodem
883 2285 965 2347 invi·

86 2431 137 2478 tua
168 2413 289 2477 Calchas
314 2416 421 2505 morbi
454 2413 567 2474 causam
599 2416 791 2496 compellitur
820 2420 965 2481 indicare.

89 2553 161 2636 Qua
179 2553 318 2637 cognita,
341 2551 550 2635 Agamemnon
567 2553 734 2614 concitatur
750 2551 966 2617 inAchillemt

42 2675 45 2680 ¹
89 2691 141 2770 qui
154 2690 287 2771 percitus
304 2689 468 2762 iracundia,
491 2689 581 2748 etiam
596 2689 716 2751 caedem
729 2691 811 2775 regit
826 2690 966 2764 audebat,

88 2826 144 2888 nili
163 2846 231 2886 eum
248 2828 280 2886 in
297 2827 436 2886 ultimum
451 2822 586 2886 furorem
600 2827 744 2910 progredi
754 2826 896 2888 Minerva
914 2848 969 2889 ve⁴

89 2959 201 3025 tuilset.
244 2961 274 3022 A
290 2984 347 3042 quo
361 2960 471 3022 Briseis
488 2963 656 3024 concubina
671 2965 703 3037 in
716 2962 816 3026 locum
827 2961 971 3047 Chrysei*

89 3100 147 3173 dit,
170 3064 243 3180 quae
252 3098 332 3180 patri
341 3096 535 3185 reddebatur,
559 3100 680 3171 abdulla
690 3101 741 3163 est.
774 3100 966 3163 IndeThetia

70 3250 185 3297 .mater
199 3234 235 3296 ad
251 3234 380 3310 coelum,
402 3234 548 3319 lacrymat
566 3235 598 3301 δι
613 3239 795 3303 contumelia
810 3239 864 3300 lilii
877 3216 992 3301 mise-'³
