2144 3714
88 108 180 225 '310
242 78 245 84 ‘
406 94 708 228 AVSNOUNII

230 259 234 292 Ι

119 342 362 430 AdVrsulum
380 339 661 436 grammaticum
671 333 932 422 Trevirorum:
954 354 976 416 ‘c

155 487 290 565 strenas
301 480 474 559 Calendis
491 477 672 558 Ianuariis
688 479 734 554 ab
748 478 977 577 Imperatore

249 647 325 700 non
343 623 466 716 datas,
494 618 599 697 reddi
617 618 717 702 fecit.
755 644 883 711 xvrrr.

120 827 253 932 Primus
268 864 394 946 jucundi
412 862 472 925 fnit
489 863 542 927 hic
559 864 618 927 tibi
633 862 743 926 fruiiur
760 861 912 939 honoria,

162 1004 312 1088 Augustae
328 1001 455 1062 faustum
473 1022 582 1062 munus
599 1000 715 1064 habere
729 1020 847 1062 manua.

120 1141 283 1207 Proximus
300 1161 338 1201 ex
355 1140 447 1223 longo
463 1141 572 1223 gradun
590 1136 963 1219 est,‚Q1aestorisarnici

164 1277 274 1339 Curam
289 1293 347 1357 pro
364 1277 470 1341 strenis
488 1273 657 1375 excubuisse
672 1277 743 1338 tuis.

121 1413 226 1499 Ergo,
248 1414 436 1497 interceptos
452 1378 553 1502 regala
566 1412 713 1477 nomisma
731 1412 893 1496 Philippeo

164 1552 279 1632 Accipe
297 1536 505 1627 tornantem,
528 1571 603 1633 quot
619 1554 680 1614 duo
699 1553 871 1637 Geryonen.

122 1690 213 1773 Quot
234 1690 314 1750 terni
331 1689 467 1775 bijuges:
491 1691 675 1772 demptoque
692 1690 803 1752 triente
820 1687 977 1755 Camoana

165 1827 314 1911 Quotque
331 1816 421 1911 super
437 1843 549 1923 terram
565 1828 659 1890 fidere
674 1825 815 1890 Zodiaci:

121 1962 211 2048 Quot
229 1963 381 2028 commissa
398 1967 470 2029 viris
485 1967 640 2041 Romana,
662 1966 837 2046 Albanaque
853 1963 937 2027 fatar

163 2100 310 2184 Quotque
327 2102 417 2163 doces
436 2100 541 2175 horis,
565 2117 696 2181 quotque
713 2102 797 2162 domi
812 2101 936 2164 reddes.

120 2236 204 2301 Ostia
220 2242 293 2320 quot
307 2260 364 2322 pro
382 2255 467 2320 parte
485 2238 584 2319 aperit
599 2216 751 2299 stridentia
765 2235 891 2298 Circus:

161 2373 323 2459 Excepto,
347 2342 481 2439 medium
498 2377 577 2458 quod
596 2391 679 2458 patet
696 2377 732 2438 ad
750 2376 889 2459 stadium.

120 2513 210 2598 Quot
232 2517 361 2595 pedibus
379 2515 557 2599 gradiuntur
572 2534 665 2594 apes,
689 2511 720 2576 δι
737 2509 839 2576 versut
855 2511 977 2575 Homer

160 2650 307 2733 Quotque
323 2653 408 2714 horis
422 2652 546 2735 pelagus
562 2652 710 2732 profluit,
734 2667 785 2710 aut
799 2649 914 2712 refluit.

116 2785 248 2849 Protulit
267 2791 298 2850 in
314 2789 432 2851 scenam
449 2804 524 2869 quot
542 2789 674 2851 dramata
692 2786 883 2860 fabellarum,

156 2921 305 2984 Arcadiae
322 2927 424 2987 medio
442 2926 491 3003 qui
507 2923 587 3003 jacet
602 2927 633 2983 in
652 2923 781 3005 gremio.

98 3054 172 3121 'Vel
188 3078 263 3139 quot
278 3060 427 3139 juncturas
446 3063 632 3145 geometrica
646 3058 745 3122 forrn'a
758 3057 902 3121 favorum

153 3193 293 3260 Conserit
310 3199 455 3261 extremis
474 3199 637 3274 omnibus,
661 3196 825 3262 &mediin
