2144 3714
196 157 605 255 'eunutnuvn
638 181 827 279 acuto·
903 199 962 266 ,45

88 369 216 442 tianum.
269 360 428 425 Celebrant
461 360 581 441 quidem
613 356 769 421 sollemnes
797 357 867 420 istos
901 359 964 422 dieo

93 522 196 564 omnes
220 498 330 580 ubique
351 499 461 573 urbes,
484 518 558 580 quae
581 495 634 560 sub
658 494 772 587 legibue
790 470 910 592 egum,
934 495 965 562 &

91 639 188 700 Roma
205 640 243 700 de
259 657 363 711 more,
386 632 714 717 &Constantinopolit-·
726 633 762 696 de
779 636 963 710 imitatione,
994 712 1011 726 l

88 776 253 839 Antiochia
268 795 325 858 pro
340 774 425 847 luxu,
447 767 795 853 &Carthagodilciuflm
817 769 964 834 &demut

89 913 218 972 fluminio
242 910 440 972 Alexandria:
468 905 519 968 sed
539 903 660 969 Treviri
681 908 826 991 principis
850 905 964 971 benefi-

88 1048 154 1108 cio:
174 1045 205 1108 &
221 1067 294 1106 mox
310 1067 377 1106 cum
393 1043 459 1127 ipso
478 1045 595 1109 aullote
611 1044 760 1108 beneficii.
789 1046 870 1108 Loca
886 1047 966 1124 lutet

89 1182 119 1244 se
136 1181 261 1258 distant,
283 1200 356 1247 vota
371 1182 570 1246 consentiunt·
614 1183 700 1249 Vnus
713 1183 745 1242 in
760 1200 814 1243 ore
829 1183 964 1247 omnium

91 1321 264 1395 Gratianus,
285 1322 432 1404 potestate
443 1321 623 1403 imperator,
645 1318 882 1393 virtuteViflor,
900 1318 964 1381 Au-

90 1457 188 1541 gustus
205 1455 384 1532 ·sanilitate,
415 1454 556 1518 Pontifex
581 1454 748 1540 religione,
780 1456 965 1542 indulgentia

90 1593 199 1668 Patet,
222 1608 317 1655 aetate
328 1591 442 1666 Filius,
464 1594 577 1675 pietate
594 1609 761 1672 utrumque.
806 1591 880 1655 Non
895 1593 966 1677 pos·

90 1730 154 1792 sum
176 1732 247 1792 fidei
272 1729 355 1792 causa
372 1729 527 1792 ostendere
543 1730 689 1813 imagines
711 1727 861 1807 majorum
880 1752 968 1792 meo·

90 1887 175 1940 rum,
197 1881 231 1926 ut
248 1868 289 1928 ait
307 1868 384 1948 apud
405 1865 570 1929 Sallustium
579 1863 714 1927 Marius:
737 1886 793 1927 nec
810 1868 967 1930 deduilum

91 2002 127 2063 ab
150 2002 302 2063 Heroibus
327 2025 438 2090 genus,
461 2005 498 2066 ad
515 2005 641 2066 deorum
662 2002 785 2067 stemma
801 2005 968 2088 replicatae

87 2160 146 2201 nec
160 2141 280 2224 ignotae
295 2161 387 2225 opea,
411 2140 640 2235 &pattimonia
659 2140 757 2235 spansa
775 2140 828 2206 sub
845 2144 967 2230 regniac

87 2275 139 2338 sed
158 2297 204 2350 ea,
221 2297 296 2359 quae
313 2295 385 2339 nota
402 2277 479 2350 sunt,
502 2279 603 2340 dicere
620 2282 725 2360 potius
743 2299 830 2360 quam
847 2282 969 2362 praedi·

89 2434 177 2484 care,
200 2413 328 2493 patriam
345 2432 406 2470 non
427 2408 601 2485 obscuram,
622 2411 768 2473 familiam
784 2432 847 2473 non
858 2419 969 2496 poeni.

88 2550 223 2622 tendam,
246 2548 369 2608 domum
382 2547 587 2620 innocentem,
608 2546 813 2608 innocentiam
822 2571 884 2610 non
898 2571 968 2614 coa·

88 2686 185 2759 eam,
207 2683 339 2769 angustas
357 2703 451 2766 opes,
482 2698 680 2761 veruntamen
701 2683 785 2746 libris
808 2686 840 2750 ἃ
862 2687 968 2752 liberie

90 2822 245 2885 dilatatas:
267 2819 470 2905 frugalitatem
494 2820 553 2882 fine
577 2819 735 2896 sordibus,
756 2823 911 2907 ingenium
932 2827 970 2889 li.

87 2958 210 3032 laetale,
232 2957 364 3020 animum
379 2980 441 3018 non
459 2957 648 3042 illiberalem,
670 2960 792 3036 viiluau,
814 2962 967 3042 vestitum,

86 3096 320 3190 supellellilem,
341 3096 472 3170 munda,
494 3116 557 3157 non
573 3095 744 3178 splendida:
766 3099 918 3165 veteribus
935 3121 970 3170 ut

86 3231 152 3295 illie
167 3229 337 3295 consulibua
354 3236 505 3316 (excepta,
528 3254 602 3314 quae
618 3248 774 3309 tumeret,
796 3206 968 3318 bellicarum

732 3376 810 3456 Υς,
