2144 3714
328 144 726 268 uersuoinn
904 213 965 313 ²3³

49 406 52 412 ·
85 377 184 444 Millita
198 375 247 441 bit
262 393 415 463 nongenta
430 377 517 457 jubet
532 346 681 440 demensio
697 377 797 464 legum

130 507 333 581 Adnumarata
347 537 489 600 reorper
502 533 551 581 tot
565 517 653 579 obire
670 518 745 593 diet.

87 651 150 715 Iam
167 657 257 737 potui
269 634 398 717 Romam
413 658 506 739 pedes
524 658 589 729 ire,
611 652 760 736 pedesque
776 656 903 730 reverti,
967 725 969 729 ,

121 788 177 879 =Eu
191 813 252 872 quo
268 809 298 854 te
314 793 460 867 dirimunt
477 791 570 852 millia
584 811 678 873 pauca
695 790 784 851 mihi.

70 927 213 1011 ·Scirpea
229 931 417 991 Domnotoni
432 929 509 991 tanti
527 929 568 991 est
583 927 732 992 habitatio
748 930 836 994 vatii

131 1056 284 1125 rauracus
302 1066 378 1126 tanti
393 1072 456 1127 non
471 1028 740 1129 mensurenter.

89 1198 138 1260 An
153 1201 221 1280 quia
234 1221 292 1283 per
304 1201 436 1265 tabulam
450 1206 570 1266 medice
585 1220 740 1289 pugnante
756 1218 904 1279 notatam,

128 1336 241 1400 Debita
253 1338 365 1409 summa
380 1340 458 1419 mihi
472 1342 528 1415 est3
550 1362 588 1402 ne
606 1356 798 1421 repetamus,
822 1340 913 1403 aber?

87 1472 140 1534 Bit
156 1473 271 1555 septem
289 1475 397 1536 rutilos
412 1477 512 1560 regale
529 1472 676 1536 nomisma
692 1474 870 1560 Philippos,

131 1611 200 1673 Nec
217 1562 294 1674 tanti
308 1609 441 1688 fuerint,
462 1616 591 1696 perdere
608 1570 718 1688 malos
730 1612 860 1676 Theon:

89 1730 382 1831 Implicitumquam
399 1767 431 1814 te
446 1752 553 1813 nostris
570 1753 687 1812 interne
705 1753 843 1812 medullis

129 1885 244 1948 Defore
260 1905 320 1949 tam
337 1887 585 1974 longi'temporis
602 1891 634 1950 in
651 1887 758 1971 spatio.

87 2021 172 2108 Ergo
188 2041 238 2086 aut
253 2026 420 2107 praeditios
433 2025 495 2105 jam
511 2049 591 2088 nunc
603 2022 733 2089 rescribe
750 2027 878 2087 Darios:

61 2125 68 2139 Ἰ
130 2159 173 2233 Et
187 2164 322 2239 redime,
344 2180 378 2226 ut
394 2185 480 2226 mora
496 2164 532 2226 fit
548 2163 644 2226 libera
660 2163 805 2226 defidiae:

88 2297 151 2362 Aut
169 2302 244 2364 aliot
261 2310 341 2363 aine
359 2304 490 2364 'totidem
506 2302 602 2363 dabo:
627 2303 792 2363 dummodo
808 2301 871 2363 cari

130 2432 293 2514 conspicer
306 2412 359 2494 ora
375 2435 458 2506 viri,
479 2436 620 2515 pauperie
636 2434 725 2512 usque
741 2434 824 2494 licet.

51 2613 55 2619 -
89 2558 196 2653 Puppe
212 2571 289 2632 citus
305 2558 456 2652 propera,
480 2566 652 2650 sinuosaque
669 2555 762 2630 lintea
776 2568 839 2631 veli

131 2706 244 2770 Pande.
287 2705 449 2769 Medullini
466 2721 496 2769 te
510 2706 593 2770 ¹feret
611 2727 679 2770 aura
694 2707 761 2769 noti
824 2707 826 2711 ’

88 2841 268 2926 Expositum
285 2843 386 2906 subter
400 2846 543 2926 paradas,
565 2845 700 2923 lelioque
717 2841 886 2921 jacentem:

132 2980 277 3065 Corporis
293 2998 326 3044 ut
343 2984 419 3044 tanti
435 3003 497 3043 non
514 2999 670 3061 moveatur
686 3002 773 3043 onus.

74 3119 174 3189 ‚Vnus
191 3120 380 3182 Domnotoni
396 3135 427 3181 te
444 3119 548 3181 littore
563 3117 700 3202 perferet
713 3120 806 3182 aestuo

131 3256 297 3322 Condatem
312 3257 349 3319 ad
363 3273 507 3341 portum:
530 3257 552 3318 fi
570 3258 665 3323 modo
682 3259 877 3343 deproperet.
