2144 3714
191 205 598 305 nnnrinrvm
634 203 821 285 acmo
907 208 971 285 351r

90 382 176 462 cujus
188 380 357 465 insignibus
376 380 444 441 talia
462 400 532 441 cura
548 381 723 462 praestetur.
766 381 855 466 llaec*
867 380 969 463 plane,

89 518 166 582 haec
181 520 222 582 est
235 521 322 602 pitia,
345 534 379 579 ut
389 518 499 579 dicitur
514 491 614 593 vellis,
637 542 698 581 non
708 522 805 604 magia
817 539 889 598 auro
902 517 971 607 suo,

85 677 178 738 'quam
202 658 260 718 tuis
286 655 400 718 verbis.
424 656 502 717 ¹Sed
526 656 623 717 multo
650 655 736 735 plura
759 655 880 717 suntin
906 654 971 735 ejua

89 799 210 866 ornatu,
233 813 307 872 quae
326 812 381 874 per
396 808 426 854 te
443 791 597 852 instruilus
612 790 760 872 intelligo.
806 762 971 855 Geminum

89 932 203 1011 quippe
220 930 253 989 in
272 949 332 989 uno
351 912 456 990 habitu
474 928 570 1000 radiat
586 947 698 987 nomen
714 925 848 1013 Augusti.
890 928 971 992 Con·

89 1064 211 1126 stantius
228 1066 260 1123 in
276 1081 452 1151 argumento
467 1064 558 1127 vestie
572 1065 735 1126 intexitur:
760 1064 921 1127 Gratianus
937 1066 970 1127 in

88 1203 220 1264 muneris
236 1200 352 1264 honore
368 1200 505 1264 sentitur.
545 1200 671 1263 Accessit
686 1216 747 1261 tam
761 1201 900 1284 impenso
917 1202 972 1263 be·

89 1339 198 1400 neficio
217 1355 272 1401 tuo
289 1340 407 1421 pondus
423 1340 608 1419 quorundam
623 1336 822 1401 sciscitatione
840 1340 971 1401 cumula·
1031 1321 1033 1328 ,

90 1493 167 1537 tum.
199 1477 425 1559 Interrogatus,
449 1496 536 1553 quem
551 1475 686 1556 priorem
704 1476 881 1566 decerneres
897 1498 972 1537 con⁴

90 1613 196 1687 sulem,
219 1623 294 1673 NEC
319 1621 594 1675 DVBHANIJVM
611 1609 837 1674 essedixistitu:
860 1612 903 1686 dt,
920 1615 972 1694 qui

91 1768 191 1813 tecum
207 1750 282 1842 boni
296 1747 373 1823 sunt,
385 1749 522 1811 dubitare
541 1772 603 1811 non
618 1765 770 1833 poterant.
794 1751 853 1812 Sed
864 1754 972 1811 ‘tamen

91 1889 127 1950 ad
151 1885 211 1947 hnc
233 1884 343 1946 diilum
364 1902 523 1947 erexerant
538 1889 674 1963 animoa,
696 1883 893 1966 quilibenter
910 1863 971 1948 cla·

89 2023 230 2088 riffimum
248 2024 361 2097 virum,
378 2023 525 2108 collegam
538 2045 651 2098 meum,
674 2044 762 2105 quem
783 2023 973 2107 praesentem

87 2161 223 2224 babebat
239 2162 371 2235 occasio,
393 2163 559 2243 praelatum
573 2154 774 2226 credidissent
797 2142 971 2245 Fatigantea

89 2319 211 2372 tamen,
240 2302 320 2376 quod
337 2302 571 2372 intellexerant,
592 2298 791 2378 requirebant.
835 2299 895 2359 Hic
917 2314 973 2371 tu,

87 2437 164 2496 sicut
187 2429 263 2491 mihi
280 2431 485 2511 renuntiatum
509 2430 570 2503 est,
600 2447 676 2492 noto
699 2431 754 2490 illo
777 2432 893 2509 pudore
915 2447 971 2490 tuo

90 2568 242 2654 paulisper
265 2564 397 2627 haesisti:
420 2586 482 2625 non
500 2567 626 2626 rationis
644 2566 822 2649 ambiguus,
838 2563 895 2626 'sed
912 2586 973 2635 ,eo-

91 2731 160 2770 rum
176 2705 398 2792 dubitationem
411 2702 494 2764 vultu
510 2699 541 2764 &
557 2703 670 2765 rubore
688 2705 902 2777 condemnans,
922 2703 972 2782 qui

95 2819 221 2906 studium
255 2840 340 2901 suum
369 2840 630 2921 interpretationis
664 2859 767 2911 errore
797 2838 971 2920 palpabant.

91 2982 214 3044 Deinde
244 2978 325 3038 illico
357 2975 531 3037 subdidisti:
568 2978 683 3060 QVID
719 2989 771 3038 DE
805 2989 973 3038 DVOBVS

95 3125 364 3181 cousvurevs
408 3094 674 3176 uaerounars
713 3124 971 3190 ovnenrris,

94 3264 193 3323 ovis
222 3261 337 3311 onno
367 3246 434 3311 aar
464 3249 833 3344 NVNCVPATlo'le}
853 3255 973 3314 Anna

849 3448 1038 3502 effle-
