2144 3714
157 184 221 257 274
448 157 751 247 nvsotitl

160 345 289 429 Quippe
305 336 364 400 tibi
381 353 522 416 aequatur
538 337 667 410 videor,
689 336 771 417 quod
786 339 927 418 parvulus
942 342 1005 406 isto

201 478 336 541 Nomine
351 473 536 538 honoratum
551 494 601 534 me
619 493 739 552 quoque
749 434 916 552 ¹nobilitum
977 464 982 469 ’

65 656 69 662 ·
160 616 261 697 Atque
280 628 360 676 aeter
378 611 446 690 quia
462 609 560 670 nostre
574 611 691 672 eudem.
722 609 805 673 Nem
824 610 960 697 suppetit
980 621 1054 683 aevi

200 755 273 814 Sum
289 747 346 813 tibi
361 768 440 831 ego,
463 742 626 828 &possum
642 745 751 809 fratrie
764 747 877 813 habere
893 748 1008 817 vicem.

157 889 225 954 Nec
241 905 357 950 tantum
375 884 483 945 nostrie
499 881 628 966 spatium
647 885 856 968 interponitur
873 891 973 967 annis,

199 1006 322 1108 Quanta
339 1021 437 1085 solent
454 1021 529 1082 alios
547 1037 685 1102 tempora
703 1002 854 1087 dividere.
940 1091 943 1096 ,

155 1165 231 1236 Vidi
247 1183 304 1247 ego
323 1159 434 1220 natales
450 1156 580 1217 fratrum
596 1159 705 1220 distare
724 1175 771 1221 tot
785 1165 884 1237 annis,

198 1300 287 1382 Quot
301 1298 429 1358 nostros.
464 1291 584 1358 Aevurn
597 1297 722 1356 nomina
736 1319 797 1357 non
816 1318 957 1364 onerant.

153 1435 283 1499 Pulchre
296 1433 421 1512 juventa
437 1433 496 1516 tibi
512 1432 627 1495 senium
643 1432 682 1494 fic
697 1433 819 1520 jungit,
841 1453 874 1498 ut
891 1459 1026 1518 aevum,

102 1556 106 1581 Ἰ
196 1567 296 1653 Quod'
306 1573 391 1652 ptius
408 1571 461 1644 est,
474 1586 611 1630 maneat:
635 1573 718 1650 quod
733 1575 840 1648 modo,
857 1591 890 1636 ut
902 1577 1045 1661 incipiat.

150 1709 193 1774 Et
207 1705 348 1794 placuisse
364 1728 436 1769 teor
452 1707 579 1792 geminis
596 1708 765 1785 aetatibus,
788 1728 822 1774 ut
835 1711 865 1772 se

192 1847 267 1906 Non
282 1847 423 1909 festinato
439 1862 578 1924 tempore
591 1861 717 1928 utraque
735 1849 831 1913 deret.

149 1984 272 2043 Leniter
288 1983 362 2044 haec
377 1984 503 2055 flueret,
527 1980 601 2043 haec
618 2007 680 2045 non
697 2002 861 2068 properata
879 1990 1023 2067 veniret,

191 2117 343 2179 Matutam
359 2117 478 2204 frugem
496 2124 571 2181 flore
587 2138 727 2181 manente
745 2123 857 2185 ferent.

146 2255 253 2319 Annos
269 2279 318 2319 me
334 2257 449 2321 nescire
468 2277 555 2329 tuos,
570 2271 664 2351 pater
680 2257 816 2338 optime,
839 2258 949 2324 testor:

187 2395 310 2476 Totque
327 2413 434 2487 putare
449 2418 553 2471 meos,
576 2413 651 2476 quot
666 2411 739 2457 teor
755 2393 813 2458 effe
828 2413 908 2458 tuot.

144 2533 268 2596 Nesciat
286 2534 342 2596 hot
360 2554 464 2606 natus,
487 2550 628 2594 numeret
644 2537 862 2615 properantior
876 2534 1010 2618 haeres,
1071 2518 1072 2578 i

184 2635 510 2754 Testamentemagis,
532 2687 620 2747 quam
637 2669 690 2750 pia
706 2684 779 2732 vota
795 2669 924 2736 fovens:

141 2804 352 2892 Exemploque
370 2812 481 2871 docens
497 2826 591 2889 pravo
607 2805 802 2885 juvenescere
817 2827 924 2887 natos,
954 2880 959 2886 ,

182 2944 228 3010 Vt
242 2948 343 3034 nolint
357 2962 459 3028 patres
477 2946 508 3008 se
524 2968 644 3027 quoque
662 2945 776 3008 habere
793 2946 887 3009 senes.

138 3078 257 3147 Verum
273 3106 331 3167 ego
347 3084 507 3166 primaevo
525 3088 643 3169 genitus
661 3088 821 3170 genitore,
843 3084 970 3151 fatebor
1005 3172 1007 3177 ι

179 3218 324 3299 Suppetit
339 3220 415 3285 haec
432 3223 498 3286 aevi
514 3240 654 3306 tempora
670 3240 754 3308 grata
769 3223 859 3288 mihi.
