2144 3714
134 150 196 236 34⁶
315 138 319 149 '
424 142 776 214 avsotttr·
1057 39 1068 333 l

132 315 293 390 collatione
312 285 482 401 tirtutum)
509 320 528 380 sr
554 321 618 400 quis
640 341 689 382 me
705 315 845 405 conferre
861 301 1022 403 dignetur,
1061 326 1065 347 ²

132 460 259 545 seponat
280 436 487 540 opulentiam,
517 478 578 518 non
606 457 803 541 derogaturus
828 457 1021 520 industriam.

132 599 250 666 Verum
266 597 406 677 quoniam
417 594 522 679 gratiis
538 596 659 679 agendis
674 592 735 673 jam
752 595 864 656 dudum
879 593 1024 657 succum·

133 738 174 800 bo
190 734 351 796 materiae:
374 749 407 793 tu
425 732 556 793 orationi
571 751 674 806 meae,
699 732 855 804 Gratiana,
878 733 1022 796 suc'cede.

132 873 185 937 Tu
205 871 365 943 Gratiana,
388 870 438 946 qui
455 867 515 928 hoc
534 889 644 930 nomen
666 868 703 929 fic
717 888 774 950 per
790 867 950 931 fortunam
968 871 1021 930 ad·

134 1025 221 1092 eptus
236 1026 280 1079 ee,
303 1022 337 1065 ut
346 1025 435 1067 nemo
450 1007 551 1068 verius
567 1004 732 1066 ambitione
749 1006 926 1084 quaesierit:
951 1009 1022 1087 [ne·
1064 1067 1068 1099 ⁴

134 1166 191 1227 que
208 1145 290 1206 enim
308 1141 412 1221 justius
431 1139 572 1222 Metellus
591 1161 794 1225 cognomento
815 1117 909 1217 Pius,
931 1160 1021 1225 patre

134 1296 301 1353 revocato,
331 1278 381 1359 qui
407 1275 478 1340 alsat
500 1278 612 1359 impiua
642 1276 792 1340 exsulante
802 1300 815 1352 ;¹
841 1297 893 1341 aut
918 1282 1021 1344 verius

134 1418 217 1504 Sylla
243 1415 350 1490 Fater,
380 1416 430 1495 qui
459 1413 582 1476 felicior
606 1430 701 1488 ante,
730 1434 816 1496 quam
838 1434 1022 1490 vocaretur;

103 1604 110 1612 ,
136 1576 224 1637 quam
241 1570 287 1626 tu,
316 1553 494 1614 Gratianus:
517 1554 565 1613 cui
582 1551 685 1615 &hoc
703 1574 814 1614 nomen
830 1553 899 1628 est,
924 1553 956 1618 &
971 1555 1022 1616 illa
1064 1548 1068 1575 ⁴

135 1692 255 1755 Metelli
268 1689 426 1774 Syllaeque
440 1691 648 1773 cognomina]
692 1689 762 1763 Tu,
784 1691 919 1772 inquam,
945 1693 1024 1754 Gra·

136 1830 231 1903 tiane,
254 1847 305 1907 qut
297 1825 381 1887 hoc
396 1848 456 1886 non
467 1827 588 1912 fingulie
602 1825 696 1903 famia,
719 1826 769 1889 sed
778 1844 928 1910 perpetua
937 1830 1024 1916 grate
1063 1862 1068 1953 1

138 1965 244 2049 agendi
269 1963 458 2048 benignitate
478 1967 628 2038 meruisti;
653 1967 727 2040 cui,
750 1967 802 2026 nist
826 1967 945 2029 abavo
972 1956 1068 2029 de·'

136 2101 255 2162 (lustum
272 2097 363 2174 effet,
387 2100 423 2162 ab
440 2102 582 2163 omnibus
600 2103 778 2163 adderetur:
802 2121 835 2164 tu
858 2103 926 2185 ipse
950 2104 1023 2179 tibi,
1066 2172 1068 2183 ‚

134 2241 273 2319 inquam,
296 2261 354 2321 pro
372 2261 421 2301 me
438 2238 563 2324 gratiam
578 2235 676 2299 refer:
701 2228 753 2311 tri,
777 2226 902 2317 maeque
922 2241 1025 2303 virtu·

133 2393 200 2439 tea:
224 2377 363 2452 bonitas,
385 2397 440 2457 qua
456 2378 488 2436 in
503 2397 608 2437 omnes
623 2378 761 2458 prolixus
780 2397 830 2465 et,
853 2395 1025 2458 perpetuus

133 2516 165 2575 in
181 2537 248 2576 me:
272 2519 400 2603 pietas,
412 2534 468 2593 qua
483 2511 600 2613 Orbem
618 2531 701 2575 tuum
721 2530 890 2594 temperas,
916 2533 1023 2593 quam·
1062 2564 1067 2617 ᾗ

134 2665 190 2730 que
210 2652 240 2711 in
264 2651 432 2712 ulciscendo
453 2666 561 2731 patruo
579 2649 710 2730 probae,
734 2620 848 2739 tuende
869 2651 901 2709 in
923 2650 1022 2713 fratre
1062 2620 1068 2701 l

134 2787 280 2862 cumulas,
302 2788 437 2849 ornando
456 2771 485 2846 iri
501 2805 700 2868 praeceptore
713 2785 904 2868 multiplicas.
937 2789 1024 2872 Agat

131 2922 241 3004 gratiae
264 2924 440 2996 clementia,
464 2945 551 3004 quam
573 2921 705 2986 humano
730 2885 835 3008 generi
856 2925 1020 3005 impertiat

130 3056 306 3132 liberalitas,
330 3080 386 3139 qua
404 3062 479 3121 dites
496 3083 620 3125 omnes:
643 3060 807 3135 fortitudo,
831 3081 887 3142 qua
903 3063 1019 3135 vincis;

53 3245 55 3250 Α
80 3291 83 3295 7
131 3189 269 3259 &mens
290 3194 344 3257 ista
366 3216 473 3275 aurea,
504 3201 652 3278 quamde
677 3200 831 3262 communi
852 3201 924 3260 Deo
950 3199 1020 3283 plue
