2144 3714
1 143 3 154 '
124 178 187 269 ¹4⁶
408 172 713 246 avenam
776 202 779 207 -

121 344 309 438 interiusque
322 364 467 431 premunt
482 348 662 429 Aquitanica
677 365 746 409 ruta
759 343 931 425 cebennae,
957 366 960 377 ⁴

121 490 224 571 Vsque
241 489 274 547 in
291 483 473 570 Tellusagoa
488 487 643 567 primaevo
657 446 781 545 nomine
797 483 921 577 Volcae,

50 592 55 609 ἱ
118 584 242 689 Totum.
253 622 361 685 Narbo
377 621 446 685 fuit.
490 620 542 681 Tu
561 621 658 681 Gallia
676 622 776 701 prima
793 622 888 708 togati

115 763 261 827 Nominis
278 762 391 824 attollis
405 760 491 820 Latio
506 755 686 842 proconsule
694 757 807 821 iascet.

44 923 47 935 ·
118 901 199 982 Quia
213 915 364 959 memoret
378 895 544 978 portusque
558 912 640 970 tuot,
656 883 832 977 montesque
846 894 982 978 lacusque

117 1035 197 1116 Quia
215 1030 347 1117 populos
363 1033 451 1094 vario
469 1032 640 1097 discrimine
657 1033 765 1109 vessit,
788 1032 823 1097 ἃ
837 1035 920 1099 orisl.

113 1172 270 1255 Quodque
287 1168 346 1230 tibi
360 1171 511 1249 quondam
528 1169 617 1231 Pario
632 1172 671 1232 de
684 1190 837 1232 marmore
853 1171 989 1253 templnn

112 1306 232 1369 Tantae
249 1305 340 1368 molit
357 1323 443 1382 erat,
464 1323 605 1388 quantam
621 1328 685 1368 non
701 1305 858 1389 sperneret
874 1275 949 1370 olim

111 1443 316 1526 Tarquinius,
335 1442 514 1526 Catulusque
530 1444 661 1532 iterum,
681 1443 848 1526 postremus
868 1442 978 1521 &ille,

110 1582 212 1646 Aurea
229 1583 280 1663 qui
296 1581 400 1642 statuit
413 1579 546 1662 Capitoli
564 1578 694 1644 culmina
711 1579 837 1644 caesara

107 1718 160 1800 fl’e
173 1722 264 1783 maria
280 1718 340 1782 Eoi
355 1740 493 1793 mercen,
509 1717 547 1803 Υδι
565 1718 681 1780 iberica
697 1714 795 1780 ditarit
949 1799 954 1811 Ι

108 1854 271 1934 Aequora:
295 1875 325 1919 te
343 1855 442 1920 classes
461 1855 590 1941 libyci,
612 1858 764 1939 Siculique
778 1853 941 1940 profundi:

108 1987 150 2052 Et
166 1993 312 2068 quidquid
328 1997 413 2053 vario
430 2013 487 2072 per
502 1996 646 2068 flumina,
669 2016 726 2075 per
741 1995 819 2055 freta
835 1992 921 2054 cursu

107 2120 300 2200 Advehitur‚
322 2139 390 2186 toto
405 2123 465 2186 tibi
481 2127 607 2208 navigat
622 2129 699 2189 orbe
716 2128 882 2202 κατάπλες.

381 2302 593 2450 Burdigala.
631 2342 736 2435 xlv.¹

102 2500 206 2624 Impia
219 2538 280 2620 jam
297 2540 411 2602 dudum
429 2501 600 2602 condemno
616 2540 751 2617 silentia,
774 2544 854 2623 quod
871 2559 915 2617 te,

102 2674 266 2762 Omnia,
288 2677 434 2763 insignem
452 2675 594 2754 Baccho,
616 2677 795 2760 fluviisque,
816 2681 962 2763 virisque,

101 2813 258 2892 Moribus,
268 2817 453 2901 ingeniisque
463 2816 633 2892 hominum,
642 2838 863 2901 procerumque
873 2819 990 2897 senatu,

99 2950 175 3013 Non
189 2956 270 3015 inter
285 2957 398 3035 primas
414 2936 601 3020 memorem:
625 2957 703 3036 quafi
722 2955 855 3018 conscius
870 2957 954 3020 urbia

96 3083 233 3170 Exiguae
251 3089 416 3152 immeritas
433 3095 572 3157 dubitem
591 3097 770 3180 contingere
787 3094 902 3158 laudet.

94 3221 171 3300 Non
180 3224 280 3306 pudor
289 3223 360 3291 hinc
370 3229 471 3317 nobit.
491 3202 559 3299 Nec
568 3231 874 3299 enimmihibarbara
883 3231 986 3295 Rheni
