2144 3714
156 198 218 284 „⁶
328 230 381 243 ..
443 175 749 256 avsonrr

155 375 212 436 but
230 366 361 430 comiter
377 360 536 443 praebitis,
559 379 617 438 quo
633 353 768 416 securior
783 356 961 442 navigaret,
977 380 1048 424 ven·

157 524 206 570 tot
225 505 316 566 etiam
339 498 456 559 dederit
476 514 543 557 utre
567 492 740 555 conclusos:
763 479 973 574 utque,'cum
987 497 1047 578 jam

136 641 276 705 ,Ithacae
286 635 520 718 propinquaret,
541 629 656 693 refusus
672 629 707 691 fit
723 630 757 690 in
772 605 921 721 soporem
926 655 937 706 ;
962 634 1048 699 socii·

156 799 215 860 que
233 773 298 852 ejus
316 792 392 852 oper
410 734 524 848 aliquae
537 770 569 829 in
587 767 687 828 scorto
712 765 803 829 inesse
824 742 1048 861 exiiiimantet,

157 913 330 976 dormiente
345 905 422 988 ipso,
432 905 551 967 uincula
561 902 764 969 dissolverint:
787 906 980 987 adversisque
997 912 1047 971 fla·

155 1048 239 1110 tibur
259 1045 296 1106 ab
316 1041 379 1124 ipsa
395 1044 493 1124 patria
510 1041 573 1120 jam
595 1043 652 1103 fint
669 1042 766 1103 relati.
810 1043 889 1104 lnde
908 1061 942 1106 ut
959 1046 1047 1106 Anti·

153 1182 300 1266 phatem,
329 1177 602 1264 laestrygonasque
621 1178 736 1239 delatus
759 1177 805 1239 sit.
850 1180 902 1242 ibi
927 1181 1044 1258 aurisiir,

90 1268 92 1272 ·
155 1337 214 1379 una
227 1317 339 1389 minus,
355 1316 482 1377 caeteris
498 1315 639 1390 navibus,
657 1314 797 1378 circeum
814 1316 903 1402 littus
920 1317 1044 1382 accesse-

156 1455 217 1516 rit:
239 1451 343 1531 ibique
364 1453 516 1515 veneficio
532 1439 667 1534 potentis
683 1453 755 1517 deae
775 1450 994 1538 Eurylochus,
1015 1456 1042 1521 dt

156 1586 305 1673 praemissi
322 1610 391 1650 cum
407 1611 446 1652 eo
462 1589 538 1651 socii
555 1589 735 1652 inferarum
752 1610 805 1685 ora
823 1594 965 1656 conversr
980 1596 1029 1657 fiut
1057 1604 1064 1679 j

143 1725 224 1811 'ipse
249 1728 341 1790 etiam
366 1724 470 1788 fimilia
497 1724 653 1808 passurus,
674 1727 831 1791 Mercurio
856 1749 1038 1814 procurante

102 1950 104 1957 Ι
155 1866 320 1942 vitaverim
337 1842 536 1945 ¹caeterosque
554 1865 653 1930 socios
675 1868 712 1928 ad
728 1866 863 1951 speciem
887 1870 1037 1954 pristinae

156 2004 275 2088 redigi,
297 2003 418 2066 virtutis
438 2005 658 2080 admiratione,
679 2006 881 2091 compulerirr

378 2202 553 2307 Periocha
568 2234 616 2282 xr
635 2209 818 2302 oayffeae.

151 2393 196 2452 At
206 2392 361 2469 postquam
377 2405 496 2451 ventum
513 2390 555 2453 ad
569 2412 656 2452 naves
668 2387 703 2459 ό·
718 2394 825 2453 littora
835 2402 944 2472 ponti.

211 2549 365 2634 Digressus
382 2572 398 2612 a
415 2550 503 2613 Circe
521 2554 678 2616 Avernum
702 2556 862 2636 pervenit:
888 2561 940 2638 qui
957 2560 1041 2652 locut«

151 2683 305 2746 descensuri
325 2691 361 2748 ad
377 2688 486 2750 Manes
503 2691 700 2752 existimatur.
723 2690 770 2750 lbi
785 2689 875 2752 sacris
891 2696 951 2755 rire
965 2715 1035 2775 per-

145 2810 249 2892 fertio,
280 2821 417 2885 scrobem
443 2827 579 2907 complet
598 2825 740 2910 sanguine
764 2828 976 2892 vidimarum:
1007 2828 1035 2892 ἃ

115 3007 118 3012 .
142 2942 430 3020 circumvolantibus
456 2961 633 3037 animabus,
672 2963 783 3024 nullam
806 2964 876 3024 sinit
898 2964 1033 3026 haustum

140 3090 258 3147 cruoris
283 3097 452 3180 attingere,
474 3099 555 3173 nifi,
579 3115 614 3162 ut
638 3098 724 3162 Circe
747 3118 928 3176 monuerat,
951 3102 1031 3182 prius

135 3221 267 3289 Tirefiar
289 3247 373 3294 vater
393 3235 466 3296 inde
480 3234 610 3300 libasset.
655 3235 703 3298 lbi
719 3234 751 3300 ἃ
764 3236 1062 3460 Ηοτοῑάιηὶιιιὶοἶ

1032 3461 1064 3515 (-

874 3522 1055 3672 ;.i
