2144 3714
202 174 210 184 “
288 191 761 269 rcroonnrvn
813 185 856 226 ²
906 217 967 284 nr

86 373 177 437 Nunc
194 374 284 436 etiam
301 388 420 433 veteres
439 368 627 430 celebrantur
641 368 761 450 Equiria
778 372 853 435 ludi.

130 511 230 571 Prima
244 508 320 571 haec
334 509 491 569 Romanus
508 509 631 569 nomina
649 507 751 570 Circus
768 508 870 572 habet.

86 645 128 710 Et
144 645 338 731 Dionysiacos
353 647 441 709 latio
458 647 639 730 cognomine
654 644 741 707 ludoa

127 772 227 847 Rorlra
243 785 334 859 colit,
356 783 450 844 Liber
465 801 540 863 quae
556 781 614 841 fibi
630 798 703 844 vora
721 782 812 846 dicat.

68 908 211 986 'Aediles
227 919 342 1004 plebeji
361 920 471 992 etiam,
495 917 661 1000 aedilesque
680 920 796 983 curule·
867 918 870 927 “

130 1061 240 1131 Sacra,
259 1057 433 1142 Sigillorum
449 1058 572 1120 nomine
590 1057 677 1132 dina,
696 1059 809 1120 colunt.

87 1193 129 1260 Et
146 1194 325 1280 gladiatores
340 1195 482 1259 funebria
498 1198 616 1280 proelia
633 1213 740 1256 notum

130 1331 300 1397 Decertalse
318 1333 408 1396 soror
430 1355 511 1394 nunc
528 1333 581 1393 libi
597 1331 709 1391 harena
724 1329 792 1392 suoa

88 1472 257 1541 Vendicat:
280 1485 418 1530 extremo
437 1468 486 1547 qni
504 1465 566 1544 jam
582 1464 634 1526 sub
653 1468 712 1527 fine
729 1468 928 1551 Decembrir,
966 1438 969 1446 Ι

130 1608 318 1693 Falcigerum
334 1607 457 1690 placant
474 1602 615 1689 sanguine
630 1601 833 1689 Coebgenam.

289 1836 345 1911 De
362 1832 563 1912 lustralibus
583 1832 774 1945 agonibus,
804 1828 809 1842 ’
830 1871 833 1877 ·

90 1979 252 2097 Quattuor
266 2003 404 2103 antiquos
423 2020 588 2086 celebravit
603 2019 718 2085 Achaia
734 2023 835 2087 ludor·

131 2160 317 2224 Coelicolum
335 2162 397 2224 duo
414 2158 500 2234 sunt,
524 2158 631 2224 &duo
648 2131 720 2223 fella
736 2161 905 2226 hominurn.
924 2164 926 2173 '

89 2300 177 2403 Sarra
192 2299 286 2371 lovis,
303 2297 491 2377 Phoebique,
502 2298 700 2373 Palaemonis,
710 2298 969 2381 Archemoriquet

131 2436 218 2495 Serta
233 2429 342 2511 quibus
356 2429 469 2509 pinus,
490 2430 604 2501 malus,
627 2432 729 2504 oliva,
752 2434 863 2512 apium.

314 2697 319 2713 =
353 2656 410 2733 De
427 2653 515 2732 locis
532 2676 706 2752 agonum.

90 2801 205 2909 Prima
222 2841 288 2906 lovi
304 2812 413 2925 niagno
430 2841 619 2903 celebrantur
635 2839 778 2925 Olympia
793 2837 886 2905 Pisae.

90 2977 243 3044 Parnalsur
260 2978 359 3043 Clario
376 2977 502 3041 sacravit
517 2977 627 3063 Pythia
644 2977 782 3041 Phoebo.

91 3117 212 3181 Isthmia
227 3118 362 3180 Portuno
379 3117 502 3178 bimaris
519 3119 599 3178 dicat
616 3117 676 3178 atla
692 3110 842 3181 Corinthi.

90 3254 273 3322 Archemori
290 3233 443 3320 Nerneaea
461 3255 564 3319 colunt
581 3253 719 3318 funebria
734 3252 874 3318 Thebae.
