2144 3714
135 213 200 303 326
425 204 734 283 dvsoNll·

136 392 203 454 Iam
218 391 337 462 minor,
360 384 391 450 ἃ
405 383 547 469 promissa
562 386 668 449 obiena
681 385 856 465 vadimonia
871 389 1015 454 Damon.

133 528 205 596 Nos
222 526 403 590 documenta
420 524 514 608 magis
532 520 650 587 felicia:
674 521 771 603 qualia
786 542 914 608 magnua

66 640 70 648 .
142 665 268 747 Scipio,
290 661 490 746 longaevique
507 660 590 739 dedit
604 659 749 744 sapientia
765 656 861 722 Laeli.

139 801 209 864 Noa
226 799 330 862 studiis
345 795 508 878 animisque
527 795 652 872 iisdem,
673 796 817 859 miracula
833 800 971 864 cunetis:

128 914 214 1001 'Hoc
230 935 366 1015 majora,
381 955 477 1017 pares
493 932 605 1017 fuimus
620 935 701 1015 quod
716 932 833 1018 dispare
847 939 881 1003 in
900 959 995 1006 aevo·

142 1073 248 1158 Ocyua
266 1073 316 1133 illa
332 1069 397 1155 jugi
414 1067 512 1132 fatalis
531 1070 649 1134 solvere
666 1073 731 1136 lora
754 1104 756 1115 ⁴
837 1046 843 1056 x

69 1214 71 1219 '
144 1210 298 1273 Pellaeum
315 1205 445 1290 potuisse
461 1178 568 1271 ducem
581 1174 674 1285 reor,
697 1208 799 1274 abdita
814 1214 936 1294 opertio

25 1325 30 1331 .
114 1350 120 1376 ¹
145 1346 330 1428 Principiis,
355 1328 530 1426 &utroque
546 1362 635 1431 caput
650 1305 775 1410 celantia
789 1349 886 1410 nodo.
910 1303 913 1311 ·

148 1483 269 1546 Grande
285 1481 406 1563 aliquod
420 1482 549 1546 verbum
566 1485 709 1547 nimirum
726 1486 878 1559 diximus,
901 1505 938 1550 ut
951 1469 983 1563 se

148 1620 280 1695 lnserret
296 1620 398 1680 nimiis
413 1619 526 1725 vinde}
540 1620 722 1683 Rhamnusia
734 1623 835 1696 votia;
850 1662 854 1679 ,

149 1756 311 1821 Arsacidae
326 1773 361 1822 ut
376 1757 528 1838 quondam
543 1759 624 1845 regia
642 1780 705 1819 non
720 1759 798 1821 laeta
815 1761 982 1844 triumphi·
1053 1718 1056 1722 ‡

87 1956 93 1965 ,
152 1896 286 1967 Grandia
303 1895 397 1958 verba
414 1913 556 1977 premens
575 1894 669 1958 ultrix
685 1897 740 1963 dea
754 1896 877 1963 Medica
893 1898 970 1964 belli
1036 1863 1043 1872 =

151 2033 260 2109 Sistere
278 2000 482 2114 Cecropidum
501 2033 533 2092 in
548 2035 637 2095 terris
655 2053 850 2097 monumenta
865 2040 991 2118 paranti

149 2167 294 2230 Obstitit:
318 2167 459 2232 &Graio
472 2168 534 2249 jam
549 2167 611 2246 jam
626 2171 764 2253 fingenda
781 2192 923 2252 tropaeo,

149 2305 241 2373 Vltro
257 2306 347 2368 etiam
362 2309 448 2370 villis
463 2306 598 2367 Nemesin
616 2284 699 2368 stetit
712 2305 812 2392 Aqtica
829 2306 937 2370 Perfis.

150 2443 238 2528 Quae
254 2444 311 2506 tibi
326 2445 503 2506 Romulidas
518 2464 662 2526 proceres
676 2465 787 2508 vexare
801 2444 899 2506 libido
918 2449 983 2510 esti

149 2581 185 2642 ln
204 2581 330 2656 Medos,
354 2580 526 2660 Arabasque
540 2554 611 2643 'tuos
627 2554 685 2663 per
700 2581 826 2657 nubilas
842 2581 873 2645 ἃ
888 2600 992 2650 atrum

147 2717 245 2803 Perge
256 2717 361 2778 chaos.
399 2718 535 2779 Romana
551 2720 660 2800 procul
679 2719 738 2780 tibi
753 2721 876 2810 nomina
890 2717 997 2785 sunto.

149 2852 214 2912 Illic
232 2875 339 2933 quaere
357 2855 430 2916 alios
446 2874 657 2940 oppugnatura
674 2855 807 2918 sodales:

146 2986 242 3048 livor
257 2990 377 3053 ubi-iste
393 3008 479 3066 tuus,
503 2993 769 3077 ferrugineumque
786 3013 936 3058 venenum

147 3119 331 3202 Opportuna
350 3132 408 3190 t'uis
426 3132 563 3209 inimicat
579 3133 701 3214 peltata
720 3131 808 3192 sucir.

143 3256 321 3338 Paulinum,
344 3263 582 3348 Ausoniumque,
605 3270 701 3347 viror,
725 3290 800 3351 quoa
813 3267 895 3333 sacra
909 3266 1040 3352 Quirini
