2144 3714
211 135 214 139 ¹
247 176 775 251 ruauraarvucviau
897 197 958 268 „9

77 357 279 433 Thaffaliam,
301 357 482 440 Thebasque
498 355 567 417 suos
582 355 714 417 habuere
728 370 871 437 penates:

119 499 163 563 At
179 519 261 561 meua
279 497 331 558 hic
347 512 415 559 toto
430 511 538 580 regnat
555 495 587 554 in
605 494 679 556 orbe
697 493 763 556 suo.
822 564 827 580 ,

78 634 171 714 cujus
189 633 375 720 egocomes,
392 631 424 697 ἃ
441 610 603 717 Quaestor,
622 631 652 694 br
669 633 787 693 culmen
796 629 960 709 honorum,

119 771 287 836 Praefestus
307 771 419 845 Gallis,
443 768 474 832 ἃ
489 768 621 852 Libyae,
643 767 675 831 ἃ
691 769 796 829 latio:

72 908 128 974 Et‘
136 888 224 991 prior
238 908 379 990 indeptus
394 906 505 980 fascea,
527 905 701 985 Latiamque
715 906 869 993 curulem,

120 1044 252 1133 Consul,
274 1044 390 1129 collega
407 1043 673 1137 posterioreufui.

72 1184 139 1248 Hic
154 1203 212 1268 ego
228 1160 397 1244 Ausonius:
419 1180 471 1243 sed
487 1197 520 1242 tu
533 1203 571 1244 ne
587 1198 709 1255 temne,
731 1182 812 1271 quod
830 1181 910 1243 ultro

118 1321 285 1384 Patronum
302 1320 409 1380 nostrie
427 1335 458 1380 te
475 1338 550 1400 paro
569 1319 769 1394 carminibus,

73 1456 210 1553 Pediatia
226 1474 261 1519 ut
277 1455 368 1516 nostri
385 1454 485 1518 sedern
501 1455 595 1529 colis,
617 1456 694 1516 alme
709 1457 838 1542 Syagri,

121 1593 378 1674 Communemque
393 1593 510 1656 habitas
527 1595 604 1657 alter
621 1615 678 1679 ego
694 1594 881 1658 Ausonium:
919 1628 923 1634 ·
1040 1582 1044 1593 ’

74 1733 129 1796 sic
145 1733 235 1794 etiam
251 1732 352 1793 nostro
368 1732 521 1814 praefatus
534 1731 687 1794 habebere
701 1732 803 1808 libro,

116 1863 248 1931 Differat
265 1887 297 1932 ut
314 1869 433 1948 nihilo,
455 1872 491 1934 fit
509 1888 599 1946 tuus,
621 1890 698 1933 anne
715 1891 824 1931 meus,

125 2094 384 2178 Ausoruvs
402 2099 534 2177 latino
548 2099 684 2176 Pacato
702 2098 906 2197 Drepanio,

70 2232 72 2241 ⁴
466 2238 556 2314 filio.

72 2370 150 2480 Cui
173 2413 254 2474 dono
275 2413 410 2496 lapidum
431 2409 546 2479 nbvum
567 2416 723 2480 libellumi

73 2549 259 2621 Veronensi&
281 2552 324 2613 ait
344 2559 436 2632 po'e’ta
458 2555 627 2633 quondam:
722 2586 725 2593 ·

75 2687 266 2769 Inventoque
289 2688 373 2750 dedit
393 2689 490 2751 statim
512 2689 642 2774 Nepoti.

75 2826 121 2887 At
141 2845 198 2885 nos
220 2800 397 2905 illepidum,
419 2827 525 2889 rudem
546 2827 705 2905 libellum,

77 2959 216 3035 Burras,
232 2960 420 3042 quisquiliae,
441 2963 647 3046 ineptiasque,

77 3093 240 3160 credemur
259 3101 375 3180 gremio
391 3101 438 3161 cui
453 3097 639 3162 fovendum

75 3231 184 3297 Inveni
199 3233 335 3317 trepidae
349 3234 431 3302 filete
449 3253 566 3318 nugae,
