2144 3714
140 159 202 244 3⁶4
426 130 730 223 avsolttt
1044 38 1065 175 l

141 355 176 398 ea
194 330 318 415 negotia
333 302 504 387 continebit
512 360 527 397 ‚.
549 342 624 403 quae
640 320 677 382 ab
693 317 802 398 injuria
816 315 1030 404 Agamemno-

140 473 210 545 nis,
233 488 266 528 ac
284 462 425 525 Briseidis
446 459 660 542 usurpatione,
685 455 774 538 usque
797 457 833 517 ad
852 456 951 521 funus
969 457 1030 521 He·

143 607 231 669 doris
248 604 337 685 digna
353 613 521 660 memoratu
537 611 644 657 erunt:
668 594 718 654 illa
736 609 913 676 tempotum
924 594 1031 670 serica,

141 763 216 824 quae
234 736 271 799 ab
288 733 421 815 ejusdem
437 733 510 794 belli
529 733 640 806 causta,
663 748 750 814 atque
769 734 907 818 origine,
932 734 1029 816 perti·
1059 794 1065 820 ⁸

142 840 217 940 cient
237 876 273 936 ad
289 869 372 931 urbis
391 870 555 931 excidium.
598 869 691 951 Atqui
710 893 747 934 ex
769 893 807 933 eo
826 871 976 945 eveniet,
998 885 1029 931 ut
1063 868 1065 943 l

141 1012 255 1096 ignaris
270 1006 441 1085 judicandi,
465 1004 496 1068 ἃ
511 1007 649 1087 po’c'ticae
674 1007 873 1069 oeconomiae
892 1007 1028 1090 experti·
1060 1082 1065 1104 ⁴

144 1148 211 1219 bus,
234 1143 325 1203 multa
344 1140 457 1202 nobilia
473 1140 509 1201 ab
528 1143 655 1204 exordio
673 1144 745 1205 belli
762 1141 851 1224 usque
868 1144 906 1204 ad
922 1143 1029 1205 Achil-

142 1250 181 1344 lia
195 1281 328 1364 jurgium
344 1277 446 1340 omissa
463 1280 634 1341 videantur.
678 1279 746 1342 Nec
762 1282 860 1342 minut
877 1281 977 1343 multa
992 1280 1025 1343 ab

143 1415 407 1503 :lettorii-funere
424 1417 460 1477 ad
477 1416 567 1498 usque
588 1418 719 1479 deletum
740 1418 837 1480 llium.
883 1418 1027 1502 Quorum
1061 1466 1066 1507 :

143 1554 411 1636 quidem'maxima
427 1556 596 1649 expoliatio
614 1572 695 1628 erat,
717 1570 845 1636 propter
863 1570 927 1615 tam
944 1554 1027 1639 longi
1059 1561 1066 1583 ⁸

146 1692 319 1754 certaminis
344 1691 649 1754 consummationem:
672 1688 722 1752 sed
741 1707 774 1752 ut
796 1692 938 1755 divinum
955 1698 1028 1775 po'c'·

144 1847 206 1892 tam
229 1808 325 1903 nihil,
349 1831 431 1915 quod
452 1829 564 1890 illustre
582 1827 694 1902 fuerit,
716 1827 841 1892 omifilse
860 1845 1027 1917 ¹appareat:

144 1985 233 2047 atque
249 1967 370 2039 omnia,
394 1986 468 2044 quae
484 1967 567 2027 finiri
585 1967 734 2046 oportuit,
756 1965 933 2051 contigiffe:
958 1967 1049 2035 bre.

143 2102 237 2174 viter,
258 2100 288 2162 &
304 2104 336 2162 in
352 2088 503 2184 epitomae
519 2101 668 2182 speciem,
692 2103 763 2164 belli
781 2103 888 2164 Troici
907 2103 1028 2167 causam

141 2239 288 2322 originis,
309 2234 539 2321 ¹apparatusque,
562 2256 634 2316 quae
651 2238 735 2298 annis
752 2237 967 2320 superioribus
984 2262 1030 2303 ac·
1064 2252 1066 2271 ¹

137 2374 295 2449 ciderunt,
318 2377 514 2438 retexuimus.
558 2374 678 2437 Horum
693 2378 828 2436 omnium
844 2378 947 2457 prima
965 2380 1028 2440 ori·

136 2532 177 2596 go
200 2513 241 2573 est
258 2513 373 2573 Paridis
396 2511 545 2590 judicium
569 2514 651 2575 inter
675 2515 762 2574 deas:
795 2514 905 2613 deinde
931 2513 1025 2576 claffir

137 2650 312 2710 contextio:
343 2669 400 2728 qua
418 2649 500 2708 idem
524 2645 607 2706 Paris
631 2650 662 2707 in
680 2647 833 2731 Europam
850 2652 1023 2734 navigavit·

134 2780 218 2844 Tum
243 2786 342 2864 raptio
365 2786 515 2845 Helenae:
539 2804 612 2863 quae
638 2787 784 2865 opinione
808 2804 947 2847 veterum
973 2787 1024 2849 bi-.

132 2920 245 2998 pertita
262 2921 320 2979 est:
351 2921 430 2999 quod
446 2920 583 2999 plerique
601 2921 748 2982 Helenam
769 2920 855 2999 juxta
874 2904 1021 2983 Homeri·

130 3070 199 3110 cum
216 3051 326 3129 plasma
344 3058 379 3116 ad
399 3055 527 3132 Trojam
549 3044 739 3138 deportatam
758 3056 844 3118 fuisse
863 3058 1019 3119 existima-

126 3198 253 3251 verunt:
276 3192 414 3256 nonnulli
422 3208 528 3279 autem
544 3196 661 3280 opinati
676 3195 755 3276 sunt,
779 3216 870 3279 quum
881 3196 1017 3260 Alexan-

61 3418 104 3465 Ιι.
