2144 3714
188 149 814 279 ennrinnvn'ncrro
901 185 961 266 361
1057 225 1060 230 -

83 357 217 453 digressu
230 354 358 446 segnior
379 359 490 435 failue,
512 355 693 421 meminisset
711 358 741 421 &
757 359 870 419 reliili:
894 360 962 420 illu·

88 497 194 559 straret
223 495 400 572 absentem,
430 495 633 582 praesentibus
665 495 839 558 anteferret.
882 498 964 558 Dein

44 646 51 661 ⁸
89 636 157 714 quia
171 630 308 696 interesse
323 612 499 717 primordiis
516 635 671 724 dignitatis
688 654 743 714 per
759 634 896 695 locorum
915 637 964 695 in·

63 772 65 778 ’
88 746 213 834 tervalla
235 792 297 832 non
319 787 463 852 poterat;
495 771 532 830 ad
558 768 789 831 sollemnitatem
812 772 967 833 condendi

87 897 215 970 hanonie
240 923 412 968 occurreret
436 906 607 981 beneficiis,
635 928 674 968 ne
692 903 804 968 deesset
822 904 972 968 officium„

92 1043 180 1125 Quae
205 1043 287 1104 enim
303 1035 461 1104 ‘memoria
490 1065 617 1124 unquam
647 1042 844 1106 transcursum
866 1061 966 1108 tantae

91 1174 277 1253 celeritatis}
307 1182 358 1243 vel
384 1183 416 1242 in
443 1181 601 1244 audacibus
628 1183 812 1243 Graecorum
837 1179 966 1253 sabulis,

84 1325 260 1379 vemmenta
276 1316 335 1377 est?
358 1317 484 1402 Pegasus
502 1320 626 1381 volucer
645 1318 721 1377 astus
738 1319 754 1378 a
769 1317 881 1400 lycia,
904 1337 966 1378 non

91 1450 169 1515 altra
185 1453 320 1516 Ciliciam
336 1456 515 1534 permeavit.
559 1451 691 1536 Cyllarus
711 1447 904 1534 atqueArion
921 1455 975 1513 im.

93 1606 140 1652 ter
162 1588 261 1676 Argos
286 1590 492 1672 Nemeamque
517 1591 686 1686 senuerunt.
731 1591 788 1700 Ipsi
815 1589 968 1653 Castorum
1055 1588 1057 1597 ’

94 1730 182 1808 equi,
206 1729 284 1808 quod
307 1727 507 1813 longissimum
525 1729 584 1788 iter
605 1728 645 1788 est
662 1764 682 1800 ,-
695 1750 756 1788 non
776 1729 830 1789 nisi
850 1745 968 1790 mutato

94 1866 214 1927 veslore
238 1863 451 1927 transcurrunt.
482 1865 546 1956 ‚Tu
572 1865 734 1937 Gratiane,
764 1879 813 1925 tot
837 1863 971 1924 Romani
1030 1844 1035 1854 ¹

94 2003 218 2083 imperii
235 2003 366 2077 limites,
389 2018 436 2065 tot
460 2004 580 2063 flumina
597 2001 627 2065 &
644 2003 745 2076 lacus,
767 2017 815 2064 tot
832 2017 970 2066 veterum

93 2138 257 2222 intersepta
272 2119 440 2230 'regnorum
463 2139 499 2202 ab
516 2138 607 2218 nsque
622 2120 768 2232 Thracia,
789 2158 846 2222 per
859 2153 971 2233 totpm,

95 2297 182 2356 quam
198 2279 322 2363 longum
339 2280 401 2351 est,
423 2280 499 2362 latus
521 2277 652 2356 lllyrici,
674 2276 859 2348 Venetiam,
882 2274 974 2357 ligu-

94 2413 249 2491 riamque,
272 2408 303 2472 ἃ
321 2410 448 2469 Galliam
465 2424 624 2479 veterem,
645 2406 854 2485 insuperabilia
871 2375 974 2467 Rhae-

51 2616 55 2641 ¹
95 2549 176 2622 tiae,
198 2544 299 2608 Rheni
321 2542 448 2635 aquosa,
470 2544 673 2622 Sequanorum
700 2542 804 2615 invia,
834 2543 972 2624 porte&

99 2686 299 2761 Germaniae,
323 2683 465 2744 celeriore
488 2678 675 2756 transcursu,
698 2698 785 2760 quam
804 2677 844 2740 est
860 2690 976 2762 prope·-

57 2871 59 2876 -
97 2782 175 2885 ratio
200 2821 293 2883 nostri
314 2815 480 2893 sermonis,
509 2819 648 2893 evolvis,
678 2817 758 2877 nulla
776 2816 882 2897 requie
905 2816 977 2891 otii,

97 2981 137 3021 ne
155 2958 252 3020 somni
270 2958 403 3038 quidem,
426 2972 477 3017 aut
494 2955 556 3016 cibi
569 2975 695 3018 munere
709 2953 839 3028 liberali,
860 2969 894 3014 ut
905 2951 977 3013 Gal-

46 3097 155 3188 ὣς
179 3112 244 3157 tuas
269 3095 448 3175 inopinatus·
470 3092 612 3153 illustres:
633 3109 668 3153 ut
692 3091 844 3153 consulem
871 3107 977 3164 tuum,

100 3233 239 3313 quamvis
260 3230 468 3321 desiderante,
500 3199 671 3311 anticipes:
701 3245 736 3288 ut
759 3230 841 3290 illam
865 3226 981 3311 ipsam,

740 3370 806 3454 2⁵

982 3462 1036 3501 „ai
