2144 3714
355 58 373 101 N

332 173 731 275 EPISTOLAE
907 230 967 298 3ss

86 387 130 454 Et
148 385 315 460 Caranum,
336 382 457 471 Pellaea.
471 385 556 447 dedit
573 385 624 465 qui
642 386 764 446 nomina
779 404 895 470 regum.

92 528 214 610 Quique
230 525 340 609 Magos
357 512 462 584 docuit
476 524 616 606 mysteria
633 543 707 585 vana
724 522 897 606 Necepsos:

90 661 131 725 Et
147 663 197 743 qui
213 663 351 745 regnavit
369 663 429 722 stne
445 663 569 723 nomine
584 682 657 720 mox
675 659 843 722 Sesoostris.

131 800 216 860 Haec
232 817 265 860 tu
281 819 368 878 quam
387 799 499 878 perite,
523 796 554 857 ἃ
571 798 736 870 concinne,
759 817 846 874 quam
864 801 976 861 modu-

90 930 171 1008 late,
195 935 226 997 δι
253 935 401 1009 dulciter,
433 937 475 995 ita
495 932 581 1011 juxta
604 951 740 996 naturam
762 935 981 1000 Romanorum>

94 1088 271 1133 accentuum
296 1072 473 1145 enuntiasti,
496 1087 529 1133 ut
551 1089 651 1134 temen
671 1075 753 1135 veris
775 1092 808 1133 ac
830 1034 980 1156 primiges

94 1211 153 1270 niis
168 1208 292 1275 vocibus
308 1209 358 1269 sua
372 1208 488 1293 fastigia
505 1232 566 1271 non
581 1213 728 1291 perirent.
774 1208 835 1268 [am
852 1211 921 1288 quid
939 1212 977 1272 de
993 1194 996 1201 ¹

97 1346 265 1426 eloquentia
284 1348 401 1406 dicam?
424 1348 539 1425 liquido
554 1346 689 1422 adjurare
702 1342 838 1426 polium,
862 1346 986 1408 nullum*
1046 1373 1050 1382 ·

98 1484 155 1544 tibi
173 1485 210 1544 ad
222 1485 372 1564 poeticam
391 1481 563 1542 facundiam
572 1481 726 1543 Romanae
742 1481 911 1558 juventutis
930 1504 980 1556 ae,-

99 1621 193 1700 quari.
239 1617 327 1680 Certe
345 1609 386 1678 ita
401 1616 476 1707 mihi
492 1619 615 1679 videtis.
646 1619 679 1678 si
696 1638 777 1712 erto,
799 1635 886 1699 pater
903 1618 981 1695 som,

99 1754 146 1816 fer
162 1753 230 1854 me:
255 1755 363 1818 &noli
379 1757 502 1839 exigere
518 1754 679 1832 judicium,
703 1755 836 1815 obstante
851 1758 983 1836 pietate«
1027 1783 1029 1786 ⁴

99 1891 216 1958 Verum
232 1913 322 1971 quum
338 1893 388 1973 pie
407 1891 547 1976 diligam,
570 1892 680 1954 slncere
699 1912 733 1953 ac
747 1890 851 1952 severe
866 1864 982 1969 judico.

102 2027 198 2091 Affice
223 2051 293 2104 me,
326 2050 398 2104 ero,
428 2030 481 2090 tali
505 2048 629 2091 munere
652 2029 844 2109 frequenter:
868 2050 926 2109 quo
952 2029 986 2095 δε

100 2165 256 2240 obtestor,
279 2156 318 2230 δι’
332 2166 481 2228 honoror.
524 2165 652 2228 Acceilit
669 2165 726 2229 tibi
741 2169 777 2228 ad
792 2183 894 2229 artem
909 2175 987 2248 pot«

102 2304 191 2364 ticam
209 2306 314 2364 mellea
328 2307 468 2365 adulatio.
503 2304 587 2384 Quid
596 2299 686 2363 'enlm
699 2304 776 2363 aliud
794 2318 905 2388 agunt,

144 2439 253 2498 Audax
268 2438 366 2496 Icario
385 2438 434 2514 qui
452 2433 527 2504 fecit
543 2436 666 2494 nomina
683 2450 802 2514 ponto,

145 2572 188 2635 Et
205 2575 255 2653 qui
272 2571 456 2633 Chalcidicas
470 2571 627 2632 moderate
646 2573 746 2631 enavit
765 2573 802 2636 ad
817 2592 921 2649 arcet,

106 2712 159 2773 nifi
182 2727 216 2771 ut
238 2710 268 2772 δι
286 2725 444 2793 vegetam,
468 2705 673 2786 &sublimem
691 2708 873 2771 alacritatem
892 2728 986 2788 tuam,

108 2848 312 2910 temeritatem
336 2866 452 2907 voces:
483 2866 533 2905 me
557 2865 650 2919 uero,
680 2843 711 2906 8(
741 2845 925 2922 consultum,
957 2847 990 2911 &

107 3007 197 3067 quem
214 2985 292 3045 filius
312 2982 421 3045 debeat
436 2982 567 3055 imitari,
590 2981 708 3044 salutari
725 2984 884 3064 prudentia
900 3005 992 3067 prae-

110 3123 205 3182 ditum
228 3122 327 3183 dicas?
359 3120 452 3202 Quod
479 3119 616 3200 equidem
640 3137 744 3181 contra
765 3121 816 3182 est.
859 3103 944 3184 Nam*
956 3139 993 3185 tu

109 3255 224 3320 summa
245 3257 285 3318 fic
307 3258 443 3345 appetis,
466 3273 584 3320 utnon
609 3259 744 3321 decidas:
771 3257 900 3320 sentitus
922 3275 995 3341 mea

636 3400 791 3478 'VS
