2144 3714
272 196 744 268 ECLOGARIVM
889 221 956 292 25¹!

67 369 114 441 Vt
128 371 261 447 medium
278 371 299 431 ii
314 373 380 452 quir
397 373 489 437 vellat
504 373 542 435 de
559 372 678 435 fornice
690 372 813 452 saxum,

65 508 248 570 incumbunt
261 511 309 569 cui
326 511 446 586 cuneta,
467 512 552 572 fimul
568 512 684 575 devexa
701 513 860 596 sequentur

65 643 210 721 Caetera,
233 667 483 729 communemque
500 648 621 712 trahent
639 653 783 714 avertice
800 653 924 735 lapsum.

64 782 137 845 Non
156 745 243 846 aliter
256 782 334 846 libra
350 785 412 859 est,
435 783 457 843 fi
473 784 570 845 defuit
586 786 694 859 uncia,
717 802 800 848 totus

62 920 137 982 Non
154 922 213 982 erit
226 941 273 984 ar:
295 874 465 1002 nomenque
481 922 586 1026 deunx.
593 921 655 1000 jam
671 920 761 985 caisus
778 922 925 1002 habebit,
941 977 943 982 .

62 1056 133 1119 Nec
152 1058 276 1118 dextans
290 1059 405 1121 retinet
421 1079 554 1135 nomeu,
577 1058 712 1123 sextante
729 1077 863 1124 remoto.

61 1191 106 1256 Et
120 1195 271 1269 dodrans,
293 1196 455 1275 quadrante
473 1217 597 1273 carens,
619 1199 737 1260 audone
756 1196 883 1259 carebit.

60 1330 258 1414 Divulsusque
277 1335 371 1395 trient
389 1331 537 1415 prohibet
551 1333 704 1415 persistere
722 1329 845 1396 bessem.

61 1466 126 1530 Iam
144 1469 297 1549 quincunx
311 1466 369 1529 tibi
385 1469 484 1527 nullus
499 1469 576 1542 erit,
592 1467 619 1535 „fi
633 1469 733 1551 prima
749 1469 884 1534 revellat.

59 1600 104 1666 Et
118 1604 226 1681 seruis,
250 1605 299 1666 cui
313 1605 403 1666 semis
418 1606 477 1693 erit
489 1603 685 1688 pereuntibus
700 1603 797 1670 affini
922 1661 924 1665 ,
1051 1659 1053 1668 ,

59 1739 218 1805 Partibus:
242 1742 273 1807 &
291 1741 376 1821 cujus
392 1742 488 1805 librae
502 1764 571 1826 pars
589 1742 735 1825 septima,
756 1743 902 1825 septunxi

58 1877 151 1940 Libra
167 1879 281 1963 igitur,
304 1894 405 1942 totum
421 1879 442 1939 fi
460 1879 540 1942 nulle
555 1882 588 1941 in
602 1895 689 1961 parte
706 1857 840 1942 vatiliet.

58 1981 229 2094 Pondere,
251 2015 283 2081 ἀ
299 2018 439 2090 numeri,
461 2037 660 2098 morumque,
688 2038 891 2100 operumque,
914 2016 947 2082 ἀ

596 2174 738 2235 aquarum

57 2288 168 2365 librat
190 2313 247 2355 nec
256 2293 298 2354 est
307 2292 458 2366 modulus,
467 2313 555 2372 quem
564 2313 627 2352 nou
635 2291 696 2352 hoc
704 2292 828 2353 nomine
838 2280 944 2375 ii'gneaa

56 2423 212 2498 Telluris,
233 2427 337 2487 medio
353 2444 428 2503 quae
441 2427 555 2505 pendet
570 2425 601 2480 in
618 2431 707 2496 atre,
728 2423 808 2484 libra
826 2404 900 2499 est,⁴x

56 2558 100 2625 Et
116 2559 215 2634 Solis,
237 2558 395 2641 Lunaeque
410 2560 473 2623 viar
491 2556 540 2619 sua
554 2554 631 2618 libra
646 2565 776 2650 eo‘e‘rcet.

57 2699 152 2760 libra
167 2698 238 2772 die,
260 2695 414 2778 somnique
431 2715 519 2779 pares
534 2697 716 2758 determinat
729 2693 832 2758 horas.

57 2836 150 2897 Libra
166 2832 343 2898 Caledonios
358 2833 419 2895 fine
434 2833 539 2896 littore
554 2833 691 2894 continet
703 2832 807 2895 aestus.

57 2971 112 3036 Tu
131 2949 250 3056 quoque
266 2987 348 3038 certa
361 2991 450 3038 mane
463 2990 584 3039 murum
599 2968 677 3035 mihi
693 2970 771 3035 libra
792 2986 942 3035 meorum.
958 2990 961 2996 ’
