2144 3714
3 106 64 215 l·
125 193 187 273 333
409 173 713 248 Avsomtl

126 380 161 425 ac
181 370 268 442 patre
287 351 497 436 principibus,
520 321 686 434 Quaestum
700 350 893 412 communis:
919 351 951 414 &
972 359 1006 415 tu}

52 498 56 505 '
127 513 245 565 tautum
261 490 447 554 Praefeiiura
465 490 625 562 beneficii,
649 509 722 568 quae
739 485 847 568 &ipsa
864 511 932 549 non
952 492 1007 552 vult

127 637 196 701 vice
215 630 340 713 simplici
359 627 517 713 gratulari,
544 626 696 687 liberalius
721 625 816 686 divisa
838 647 930 705 quam
947 626 1007 706 jun

128 774 191 835 aa:
214 790 306 851 quum
323 785 476 828 teneamus
495 766 554 826 duo
573 765 745 847 integrum,
768 779 878 824 neuter
901 765 1007 827 deside

127 924 176 972 ret
199 905 375 984 separatum.
406 901 480 991 ‘Sed
506 901 574 976 illa,
602 917 637 962 ut
661 901 751 981 paulo
774 915 851 976 ante
868 901 1008 982 promifi,

127 1039 281 1106 habebunt
296 1035 339 1097 sui
356 1038 487 1099 muneris
504 1038 654 1118 peculiare
671 1034 827 1098 secretum.
871 1035 1008 1100 Consula-

127 1197 175 1244 tus
190 1176 243 1240 hic
257 1194 343 1236 meur
361 1191 427 1234 orat
442 1191 530 1253 atque
547 1173 694 1246 obsecrat,
718 1191 752 1235 ut
768 1173 940 1237 obnoxiam
957 1176 1008 1239 tibi

127 1316 182 1379 uni
198 1315 272 1435 finap
284 1312 352 1374 fieri
368 1309 432 1389 ejus
447 1310 636 1395 dignitatem,
660 1332 749 1391 quem
764 1312 913 1374 omnibue
926 1333 1009 1395 prae·

128 1452 230 1518 tulisti.
276 1450 365 1533 Quot
388 1449 509 1529 quidem
532 1446 563 1511 a<
587 1426 650 1532 ipse
667 1449 721 1532 not
743 1451 864 1511 invem
886 1453 1009 1537 gradun

127 1590 203 1655 Cum
217 1582 375 1650 clarillimo
391 1587 459 1650 viro
474 1587 589 1670 collega
602 1607 671 1648 meo
688 1584 806 1648 honore
822 1587 1009 1668 conjuniiur,

127 1728 351 1811 nuncupatione
366 1724 528 1805 praelatus,
547 1722 658 1786 Consul
675 1745 745 1810 ego,
770 1723 942 1807 Imperator
953 1728 1010 1789 Au·

127 1868 230 1953 guile,
253 1884 378 1927 munere
402 1880 456 1925 tuo
478 1884 542 1924 non
565 1860 660 1944 pallus
683 1861 785 1945 septa,
806 1885 908 1944 neque
933 1887 1010 1927 cam·

127 2025 213 2084 pum,
237 2025 299 2062 non
316 1999 476 2085 suffragia,
499 2022 561 2061 non
574 2001 700 2082 punita,
723 2022 785 2062 non
802 2001 941 2064 loculot:
964 2003 1009 2084 qui

127 2162 188 2202 non
212 2138 412 2220 prensaverim
435 2157 560 2208 manus,
582 2159 638 2197 nec
662 2136 917 2201 consalutantium
941 2162 1008 2202 con-

126 2276 206 2338 iusut
226 2274 367 2350 occursu,
391 2293 442 2337 aut
459 2273 514 2335 sua¹
526 2273 629 2334 amicit
644 2274 768 2333 nomina
785 2295 848 2335 non
865 2279 1009 2339 reddide-

124 2417 204 2490 rim,
227 2431 279 2477 aut
299 2416 396 2476 aliena
418 2410 636 2493 imposuerim:
668 2412 719 2492 qui
736 2410 851 2472 Tribus
870 2434 934 2474 non
954 2416 1009 2474 cir-

126 2551 256 2625 cumivi,
280 2550 435 2613 centurias
458 2570 520 2609 non
542 2548 679 2623 adulavi,
701 2546 770 2626 jure
783 2551 902 2610 vocatis
919 2542 1009 2611 clasii-

123 2686 181 2748 but
204 2710 265 2749 non
290 2658 464 2759 intremui,
495 2684 572 2746 nihil
596 2707 664 2747 cum
689 2684 836 2765 sequestre
862 2686 1006 2767 deposui,

28 2813 31 2819 ’
124 2846 191 2884 cum
207 2823 369 2886 diribitore
386 2824 427 2884 nil
442 2825 558 2908 pepigi.
590 2825 744 2884 Romanus
760 2823 906 2905 populus,
926 2823 1006 2885 Mar·

20 3384 127 3521 a„

122 2960 182 3018 tius
207 2978 348 3039 campus,
371 2959 516 3042 Equester
537 2963 633 3034 ordo,
655 2961 768 3032 rostra,
792 2960 906 3034 ovilia,
929 2959 1005 3021 sena·

120 3107 182 3164 tus,
206 3099 298 3168 curia,
322 3120 396 3159 unua
416 3097 491 3159 mihi
508 3101 609 3161 omnia
626 3099 795 3159 Gratianus.
841 3097 913 3158 lure
927 3117 1002 3167 meo,

118 3229 251 3315 Auguste
260 3230 409 3311 Maxime,
426 3233 556 3300 affimare
572 3234 691 3324 polium
707 3233 854 3298 incolumi
871 3234 1001 3295 omnium
