2144 3714
114 207 159 277 an
403 147 702 277 avsourr

116 369 240 433 Flemus
257 365 338 428 anim
353 381 469 445 raptam
485 364 611 428 thalami
629 368 666 428 de
684 365 753 433 sede
766 363 922 442 sororem,

147 505 243 567 Heu!
265 525 327 563 non
342 518 460 563 maturo
477 502 605 579 funere,
628 505 802 588 Dryadiam.

116 641 257 706 Flemus:
281 659 338 724 ego
349 642 381 701 in
390 642 510 722 primis,
532 644 583 722 qul
595 646 697 735 matris
708 640 882 713 avunculus,
904 638 984 702 &vo

51 842 58 848 ,
158 778 310 841 Natorum
325 795 463 858 tanquam
479 779 574 864 diligo
590 781 782 864 progeniem·
876 820 878 827 ›
934 800 939 807 ·

115 913 170 989 illa
185 933 288 973 manua
304 915 385 973 inter
400 917 575 998 genitricis,
597 913 628 978 ἃ
644 915 741 977 oscula
758 915 852 996 patrie

158 1034 300 1121 Occidit,
322 1046 455 1130 Hispana
469 1066 533 1110 tum
551 1053 677 1134 regione
691 1053 810 1132 procul.

116 1189 220 1272 Quam
237 1203 336 1259 tener,
360 1183 515 1267 deprimo,
538 1206 616 1246 nove
632 1188 700 1258 llos,
720 1188 891 1269 decerperis
909 1207 983 1249 aevo

72 1376 77 1385 ,
156 1323 303 1402 Nondum
320 1341 487 1405 purpureas
503 1323 626 1396 clulius,
642 1321 776 1406 ephebe,
787 1329 898 1414 ‘genatl

2 1461 4 1465 ’
111 1462 272 1544 Quattuor
288 1461 424 1522 ediderat
439 1481 517 1520 nunc
532 1426 607 1531 falia
621 1446 772 1542 puerpera
790 1474 912 1542 partus:

155 1595 275 1659 Funera
291 1597 340 1658 fed
356 1597 479 1677 tumulis
493 1595 555 1674 jam
573 1580 724 1682 geminata
741 1598 837 1658 dedit.

1 1749 2 1756 ’
113 1736 162 1818 Sit
177 1732 246 1797 satie
260 1732 340 1808 hoc,
362 1733 487 1795 Pauline
503 1749 599 1821 pater.
632 1733 748 1795 Divifio
764 1731 840 1794 faita
855 1730 912 1793 est:

153 1870 294 1932 Debetur
308 1872 399 1932 matri
417 1888 533 1932 caetera
549 1872 723 1955 progenies.
781 1867 784 1874 “

177 2128 179 2135 ·
223 2091 717 2185 Paulinu5‚sororisgene1·.
767 2119 882 2174 xxiv.

110 2233 182 2346 Qui
198 2275 310 2338 laetum
325 2269 497 2361 ingenium,
520 2295 622 2338 mores
636 2278 687 2357 qui
706 2277 807 2363 diligit
823 2299 944 2360 aequos,

153 2414 277 2498 Quique
292 2414 385 2475 fidem
401 2395 497 2474 sanila
511 2434 580 2474 cum
597 2415 712 2496 pietate
727 2415 817 2501 colitj
845 2470 848 2474 r

91 2551 226 2614 ‘Paulini
242 2572 344 2614 manes
364 2542 483 2613 mecum
499 2567 679 2623 veneratur,
702 2526 807 2612 amicit

152 2668 273 2750 inroret
286 2688 449 2772 lacrymis,
472 2708 569 2767 annua
583 2687 645 2748 liba
663 2687 786 2749 ferens..
811 2734 813 2738 ,
861 2736 863 2740 .

108 2825 307 2908 Aequaevue,
328 2825 474 2907 Pauline,
497 2823 591 2899 mihi;
614 2842 772 2904 natamque
785 2824 895 2904 sororia

148 2960 294 3042 indeptus
311 2962 463 3023 thalamo:
486 2961 601 3024 fimihi
617 2963 697 3044 peni
713 2982 816 3046 gener.
875 2960 877 2964 ’

107 3095 218 3177 Stirpis
234 3099 403 3175 Aquitanae
420 3117 516 3162 mater
531 3100 599 3163 tibi.
631 3100 711 3163 Nam
730 3100 863 3184 genitori

148 3228 247 3298 Coiiio
264 3232 425 3312 vasatum,
446 3239 630 3322 municipale
645 3257 751 3322 genua.
