2144 3714
121 104 314 199 Traulietint
329 78 421 207 idue,
442 115 561 177 medius
575 113 713 196 suprema
729 113 918 207 December¹

124 262 281 342 Tempora
298 268 429 317 venturo
444 250 630 334 properabat
645 249 772 334 jungere
792 251 874 314 lano.
948 315 951 321 ,

126 397 169 464 Et
184 413 277 456 nonas
295 391 426 452 decimas
445 389 481 450 ab
499 386 529 450 se
547 409 610 450 nox
627 389 717 481 longa
736 387 877 451 Calendaa

128 535 243 618 iugiter
259 527 351 592 acciri
371 525 547 587 celebranda
566 526 601 586 ad
619 524 692 585 festa
708 524 845 604 jubebat.
952 590 958 597 ,

170 667 298 740 Nescia,
327 680 424 745 puto,
456 664 528 743 quid
554 663 648 725 velim
670 678 718 724 tot
738 664 872 727 uersibus
901 665 1019 729 dicere.

132 775 256 868 Medius¹
268 799 357 861 fidius
372 806 470 878 neque
485 796 550 880 ipse
566 801 643 862 bene
661 802 817 886 intelligo:
840 819 944 864 tamen
962 801 1019 863 sus·

49 938 64 985 l
134 943 232 1027 picor.
265 936 328 998 lam
344 936 443 1018 prima
459 957 522 996 nox
540 953 604 997 erat
622 954 691 1005 ante
710 940 790 999 diem
809 960 926 998 nonum
942 941 1024 1001 deci-

135 1097 219 1140 mum
237 1071 434 1136 Calendarum
454 1071 669 1150 Ianuariarum,
692 1096 783 1156 quum
802 1075 943 1137 redditae
957 1068 1048 1138 sunt'

136 1209 215 1274 mihi
228 1209 345 1271 litterae
360 1225 428 1270 tuae
444 1210 562 1292 oppido
580 1231 667 1305 quam
680 1203 841 1275 litteratae.
885 1213 945 1273 His
958 1214 1024 1274 lon·
1040 1195 1062 1257 ⁸·

139 1369 177 1434 ge
190 1343 428 1424 jucundillimum
441 1355 552 1428 po'e'ma
566 1345 752 1421 subdiderat,
768 1330 856 1428 *quod
871 1350 909 1408 de
927 1350 1028 1410 tribur
1062 1300 1068 1375 l

140 1484 279 1547 Suetonii
296 1483 402 1559 libris,
424 1504 498 1564 quos
514 1483 564 1545 ille
584 1485 621 1545 de
636 1486 760 1569 regibus
784 1487 886 1558 dedit,
910 1488 944 1546 in
962 1489 1028 1569 epi·
1060 1520 1066 1531 ·

142 1636 246 1685 tomen
270 1620 413 1705 co’c'gisti,
442 1600 525 1684 tanta
543 1622 712 1707 elegantia,
740 1621 818 1684 solue
836 1639 870 1684 ut
886 1621 968 1684 mihi
982 1625 1029 1687 vi·
1066 1664 1068 1669 -

61 1824 67 1834 ¹
144 1760 233 1820 deare
257 1756 423 1831 affecutuS,
446 1761 527 1839 quod
550 1775 654 1822 contra
680 1780 780 1822 rernm
806 1777 942 1844 naturam
967 1761 1031 1837 est,
1065 1806 1068 1828 ,

142 1888 276 1956 Breviter
299 1911 333 1954 ut
349 1892 475 1956 obscura
497 1916 560 1957 non
576 1893 657 1959 esset.
701 1898 737 1956 Iu
754 1895 801 1956 hie
820 1895 954 1959 vetfibus
973 1916 1034 1983 ego

144 2031 196 2090 ista
218 1999 377 2114 cognovi..

143 2163 358 2264 Europamque
374 2167 530 2250 Asiamque
548 2169 608 2231 duo
625 2167 676 2231 vel
693 2170 823 2229 maxima
839 2184 937 2230 terrae
1066 2162 1068 2169 ’

52 2271 72 2347 ἶ
144 2300 297 2366 Membra.
331 2305 451 2388 Quibus
470 2306 599 2388 tybrum
618 2304 708 2365 dubie
724 2282 874 2366 saluum
890 2305 990 2380 aaut,

144 2434 286 2520 Europae
305 2439 487 2517 adjundiam:
511 2440 599 2522 poffit
615 2462 706 2521 quum
724 2444 813 2504 tertia
829 2444 909 2502 dici:

143 2573 296 2658 Regnatas
312 2577 433 2652 multis,
457 2598 529 2656 quos
544 2577 623 2640 fama
639 2580 801 2641 obliterat:
826 2579 856 2643 ἃ
873 2599 947 2658 quor

18 2735 28 2799 j
143 2708 275 2772 Barbara
291 2715 446 2809 Romanae
462 2738 524 2774 non
542 2717 665 2805 tradunt
679 2718 803 2776 nomina
821 2716 960 2799 linguae,
1050 2793 1056 2809 ι

143 2843 322 2926 Illibanum,
348 2849 568 2934 Numidamque
585 2832 722 2925 Avelim,
747 2851 951 2933 Parthumque
968 2851 1035 2922 Vo-

564 3036 569 3053 l
683 3010 816 3065 nonem,
