2144 3714
198 192 580 266 GRATIARVM
615 195 805 264 ACTIO
888 218 948 287 353

869 317 875 353 t

67 371 175 458 Tydei
190 373 303 445 lilium,
324 388 376 432 aut
391 368 489 452 ipsum
505 389 609 456 regern
624 373 731 433 ditium
749 370 949 458 Mycenarum

10 570 13 602 ;
68 509 170 572 sortiri
177 511 310 592 patiatur
319 507 597 590 Agamemnonem:
622 505 812 585 Occiderem,
835 512 946 591 inquit,

10 704 12 738 :
67 648 234 727 illum,-qui
249 667 298 707 me
314 645 437 706 tertium
452 641 641 706 ndlninaffet.
674 643 947 730 Omag'nanimita*

10 842 13 877 ἶ
66 798 132 847 tem
154 780 303 865 fprtiffimi
326 781 406 845 viril,
428 780 579 839 nominari
603 779 683 838 inter
703 800 817 843 novem
839 786 946 846 tertiut

63 917 244 990 recusabam
275 913 328 976 ubi
355 931 436 976 certe
460 911 596 996 pluribus
619 915 829 1009 autecelleret,
859 938 946 998 quam

28 1061 47 1108 J
64 1051 205 1115 subesset.
251 1051 373 1133 Quanta
392 1021 443 1111 hic
460 1051 640 1113 verecundia
655 1071 831 1136 gravaretur
846 1055 967 1149 poste-q

67 1189 133 1250 rior
155 1190 194 1250 de
219 1177 354 1271 duobus?
384 1185 436 1249 Est
458 1188 538 1249 enim
560 1188 591 1248 in
608 1185 669 1249 hoc
689 1210 816 1250 numero
839 1192 948 1250 arduae

60 1326 151 1409 plena
160 1322 342 1410 dignationis
353 1324 470 1386 elellio.
493 1325 596 1408 Quum
610 1326 751 1386 universis
765 1325 945 1387 mortalibus
970 1340 975 1345 '

10 1460 14 1465 ’
66 1464 147 1535 duo,
170 1463 221 1540 qui
245 1462 319 1520 fiant
344 1458 506 1535 Consules,
527 1458 759 1541 praeferuntur,
783 1463 833 1540 qui
859 1463 945 1523 alteri

65 1599 293 1684 praeponitur,
323 1617 386 1657 non
412 1596 493 1669 uni,
524 1594 576 1657 sed
596 1597 742 1681 ¹omnibns
768 1596 944 1680 antefertur,

63 1735 233 1819 Expellere
248 1756 327 1796 nunc
343 1753 427 1796 aures
443 1731 644 1816 praesentium
659 1734 741 1814 scio,
765 1734 948 1797 &eminere

67 1875 101 1933 iu
118 1874 256 1933 omnium
278 1871 366 1934 vultu
388 1871 547 1955 intelligo,
579 1873 649 1950 quid
672 1872 816 1932 desiderio
844 1869 948 1932 conci·

10 2056 17 2065 ,
63 2009 166 2091 piatur
181 2010 359 2070 animorum.
390 2005 571 2069 Existimant
588 2011 680 2080 enim,
696 2029 786 2088 quum
801 2027 848 2082 ea,
863 2025 946 2087 quae

37 2179 42 2183 ·
65 2147 104 2206 ad
121 2163 220 2230 grates
238 2145 366 2230 agendas
383 2122 595 2227 pertinebant,
618 2145 786 2223 summatim
805 2107 947 2206 tenuiore

64 2282 131 2357 filo,
154 2300 187 2344 ut
203 2282 325 2367 dicitur,
348 2282 472 2345 dedusta
489 2282 660 2354 libaverim,
679 2284 775 2358 aliqua
789 2298 838 2338 me
855 2278 947 2338 etiam

10 2394 12 2402 Ι
65 2419 105 2479 de
136 2414 296 2492 majestatis
328 2429 395 2508 tuae
420 2413 560 2472 laudibus
592 2415 703 2473 debere
735 2413 947 2491 perstringere.

61 2514 250 2636 'Quanquam
274 2570 322 2610 me
344 2549 427 2608 istam
454 2547 582 2607 dixerim
601 2543 758 2629 seposuisse
776 2545 946 2616 materiam,
971 2618 981 2633 ¹

69 2689 103 2754 du
123 2691 156 2750 in
178 2705 295 2769 tempus
323 2684 403 2746 aliud
421 2682 594 2758 reservare,
617 2682 811 2743 nihilominus
834 2695 947 2750 tamen,

73 2842 107 2899 ut
121 2844 199 2885 nunc
215 2823 311 2932 aliqua
330 2823 520 2906 contingam,
543 2837 616 2881 nutu
634 2819 666 2882 ἃ
682 2840 779 2901 prope
798 2833 949 2878 murmure

73 2959 283 3024 cohortantur.
319 2957 421 3038 ltaque
437 2955 561 3030 faciam3
585 2957 701 3038 quando
717 2971 827 3039 cogunt
843 2953 968 3048 velen-b

75 3114 149 3160 tem
193 3097 252 3158 Sed
262 3093 428 3174 majoribus
438 3094 593 3175 separatis,
616 3095 753 3155 tenuiora
762 3066 954 3163 memorabo,
1051 3168 1060 3178 ἢ

76 3233 157 3295 nulla
174 3231 226 3315 spe
243 3232 280 3293 ad
296 3231 421 3314 plenum
439 3231 627 3312 exequendi:
649 3227 701 3292 sed
716 3228 845 3293 universi
861 3242 896 3288 ut
909 3225 957 3283 in-
