<?xml version="1.0" encoding="UTF-8"?>
<!DOCTYPE html PUBLIC "-//W3C//DTD XHTML 1.0 Transitional//EN"
    "http://www.w3.org/TR/xhtml1/DTD/xhtml1-transitional.dtd">
<html xmlns="http://www.w3.org/1999/xhtml" xml:lang="en" lang="en">
 <head>
  <title>
</title>
<meta http-equiv="Content-Type" content="text/html;charset=utf-8" />
  <meta name='ocr-system' content='tesseract 3.04.00' />
  <meta name='ocr-capabilities' content='ocr_page ocr_carea ocr_par ocr_line ocrx_word'/>
</head>
<body>
  <div class='ocr_page' id='page_1' title='image "./dmagniavsoniibv00scalgoog_0307.png"; bbox 0 0 2144 3714; ppageno 0'>
   <div class='ocr_carea' id='block_1_1' title="bbox 99 169 692 250">
    <p class='ocr_par' dir='ltr' id='par_1_1' title="bbox 99 169 692 250">
     <span class='ocr_line' id='line_1_1' title="bbox 99 169 692 250; baseline -0.005 -10"><span class='ocrx_word' id='word_1_1' title='bbox 99 180 163 250; x_wconf 74' lang='lat'>282</span> <span class='ocrx_word' id='word_1_2' title='bbox 389 169 692 238; x_wconf 74' lang='lat' dir='ltr'>AVSONII</span> 
     </span>
    </p>
   </div>
   <div class='ocr_carea' id='block_1_2' title="bbox 99 341 661 430">
    <p class='ocr_par' dir='ltr' id='par_1_2' title="bbox 99 341 661 430">
     <span class='ocr_line' id='line_1_2' title="bbox 99 341 661 430; baseline 0.002 -21"><span class='ocrx_word' id='word_1_3' title='bbox 99 346 168 409; x_wconf 87' lang='lat' dir='ltr'>Nec</span> <span class='ocrx_word' id='word_1_4' title='bbox 189 345 233 407; x_wconf 77' lang='lat' dir='ltr'>fae</span> <span class='ocrx_word' id='word_1_5' title='bbox 256 345 297 406; x_wconf 84' lang='lat' dir='ltr'>est</span> <span class='ocrx_word' id='word_1_6' title='bbox 318 341 394 405; x_wconf 89' lang='lat' dir='ltr'>mihi</span> <span class='ocrx_word' id='word_1_7' title='bbox 415 345 500 428; x_wconf 84' lang='lat' dir='ltr'>regio</span> <span class='ocrx_word' id='word_1_8' title='bbox 524 346 661 430; x_wconf 84' lang='lat' dir='ltr'>magistro</span> 
     </span>
    </p>
   </div>
   <div class='ocr_carea' id='block_1_3' title="bbox 98 483 708 567">
    <p class='ocr_par' dir='ltr' id='par_1_3' title="bbox 98 483 708 567">
     <span class='ocr_line' id='line_1_3' title="bbox 98 483 708 567; baseline 0 -20"><span class='ocrx_word' id='word_1_9' title='bbox 98 484 254 547; x_wconf 85' lang='lat' dir='ltr'>Plebei&#39;am</span> <span class='ocrx_word' id='word_1_10' title='bbox 276 502 419 545; x_wconf 81' lang='lat' dir='ltr'>numeros</span> <span class='ocrx_word' id='word_1_11' title='bbox 441 483 551 546; x_wconf 87' lang='lat' dir='ltr'>docere</span> <span class='ocrx_word' id='word_1_12' title='bbox 572 486 708 567; x_wconf 79' lang='lat' dir='ltr'>pulpam.</span> 
     </span>
    </p>
   </div>
   <div class='ocr_carea' id='block_1_4' title="bbox 3 619 730 703">
    <p class='ocr_par' dir='ltr' id='par_1_4' title="bbox 3 619 730 703">
     <span class='ocr_line' id='line_1_4' title="bbox 3 619 730 703; baseline -0.004 -17"><span class='ocrx_word' id='word_1_13' title='bbox 3 658 6 663; x_wconf 93' lang='lat'>·</span> <span class='ocrx_word' id='word_1_14' title='bbox 97 621 215 686; x_wconf 88' lang='lat' dir='ltr'>Verum</span> <span class='ocrx_word' id='word_1_15' title='bbox 235 619 375 701; x_wconf 79' lang='lat' dir='ltr'>protinus</span> <span class='ocrx_word' id='word_1_16' title='bbox 398 619 472 693; x_wconf 84' lang='lat' dir='ltr'>ade,</span> <span class='ocrx_word' id='word_1_17' title='bbox 494 623 574 700; x_wconf 92' lang='lat' dir='ltr'>quod</span> <span class='ocrx_word' id='word_1_18' title='bbox 596 624 730 703; x_wconf 82' lang='lat' dir='ltr'>requiro.</span> 
     </span>
    </p>
   </div>
   <div class='ocr_carea' id='block_1_5' title="bbox 95 730 754 1529">
    <p class='ocr_par' dir='ltr' id='par_1_5' title="bbox 95 730 754 1529">
     <span class='ocr_line' id='line_1_5' title="bbox 95 730 750 838; baseline 0 -16"><span class='ocrx_word' id='word_1_19' title='bbox 95 759 150 823; x_wconf 89' lang='lat' dir='ltr'>Nil</span> <span class='ocrx_word' id='word_1_20' title='bbox 173 776 304 838; x_wconf 78' lang='lat' dir='ltr'>quaero,</span> <span class='ocrx_word' id='word_1_21' title='bbox 318 730 382 817; x_wconf 63' lang='lat' dir='ltr'>⁴nisi</span> <span class='ocrx_word' id='word_1_22' title='bbox 404 758 484 837; x_wconf 86' lang='lat' dir='ltr'>quod</span> <span class='ocrx_word' id='word_1_23' title='bbox 505 758 589 820; x_wconf 76' lang='lat' dir='ltr'>libris</span> <span class='ocrx_word' id='word_1_24' title='bbox 612 776 750 824; x_wconf 77' lang='lat' dir='ltr'>teneture</span> 
     </span>
     <span class='ocr_line' id='line_1_6' title="bbox 97 894 728 986; baseline 0.003 -27"><span class='ocrx_word' id='word_1_25' title='bbox 97 895 139 959; x_wconf 89' lang='lat' dir='ltr'>Et</span> <span class='ocrx_word' id='word_1_26' title='bbox 162 896 242 974; x_wconf 90' lang='lat' dir='ltr'>quod</span> <span class='ocrx_word' id='word_1_27' title='bbox 265 916 327 954; x_wconf 89' lang='lat' dir='ltr'>non</span> <span class='ocrx_word' id='word_1_28' title='bbox 349 894 456 976; x_wconf 85' lang='lat' dir='ltr'>opicae</span> <span class='ocrx_word' id='word_1_29' title='bbox 479 912 587 986; x_wconf 82' lang='lat' dir='ltr'>tegunt</span> <span class='ocrx_word' id='word_1_30' title='bbox 606 901 728 984; x_wconf 80' lang='lat' dir='ltr'>papyri.</span> 
     </span>
     <span class='ocr_line' id='line_1_7' title="bbox 97 1031 726 1122; baseline 0.008 -29"><span class='ocrx_word' id='word_1_31' title='bbox 97 1034 184 1117; x_wconf 85' lang='lat' dir='ltr'>Quas</span> <span class='ocrx_word' id='word_1_32' title='bbox 206 1033 226 1094; x_wconf 77' lang='lat' dir='ltr'>si</span> <span class='ocrx_word' id='word_1_33' title='bbox 249 1031 390 1105; x_wconf 78' lang='lat' dir='ltr'>solveris,</span> <span class='ocrx_word' id='word_1_34' title='bbox 414 1031 433 1093; x_wconf 86' lang='grc' dir='ltr'>ὂ</span> <span class='ocrx_word' id='word_1_35' title='bbox 456 1044 568 1116; x_wconf 53' lang='lat' dir='ltr'>poeta,</span> <span class='ocrx_word' id='word_1_36' title='bbox 590 1058 726 1122; x_wconf 82' lang='lat' dir='ltr'>nugae,-</span> 
     </span>
     <span class='ocr_line' id='line_1_8' title="bbox 96 1134 696 1247; baseline 0 -14"><span class='ocrx_word' id='word_1_37' title='bbox 96 1170 212 1233; x_wconf 89' lang='lat' dir='ltr'>Totam</span> <span class='ocrx_word' id='word_1_38' title='bbox 234 1134 326 1245; x_wconf 76' lang='lat' dir='ltr'>trado</span> <span class='ocrx_word' id='word_1_39' title='bbox 342 1170 401 1232; x_wconf 90' lang='lat' dir='ltr'>tibi</span> <span class='ocrx_word' id='word_1_40' title='bbox 423 1171 505 1232; x_wconf 73' lang='lat' dir='ltr'>simul</span> <span class='ocrx_word' id='word_1_41' title='bbox 528 1172 696 1247; x_wconf 85' lang='lat' dir='ltr'>Vacunam,</span> 
     </span>
     <span class='ocr_line' id='line_1_9' title="bbox 95 1276 754 1391; baseline 0.005 -22"><span class='ocrx_word' id='word_1_42' title='bbox 95 1309 163 1370; x_wconf 87' lang='lat' dir='ltr'>Nec</span> <span class='ocrx_word' id='word_1_43' title='bbox 184 1308 245 1386; x_wconf 86' lang='lat' dir='ltr'>jam</span> <span class='ocrx_word' id='word_1_44' title='bbox 266 1309 334 1391; x_wconf 85' lang='lat' dir='ltr'>post</span> <span class='ocrx_word' id='word_1_45' title='bbox 355 1276 471 1371; x_wconf 73' lang='lat' dir='ltr'>metues</span> <span class='ocrx_word' id='word_1_46' title='bbox 492 1310 602 1391; x_wconf 91' lang='lat' dir='ltr'>ubique</span> <span class='ocrx_word' id='word_1_47' title='bbox 625 1312 754 1386; x_wconf 57' lang='lat' dir='ltr'>diuum,</span> 
     </span>
     <span class='ocr_line' id='line_1_10' title="bbox 95 1444 668 1529; baseline -0.003 -20"><span class='ocrx_word' id='word_1_48' title='bbox 95 1447 155 1509; x_wconf 87' lang='lat' dir='ltr'>Hic</span> <span class='ocrx_word' id='word_1_49' title='bbox 178 1446 219 1507; x_wconf 87' lang='lat' dir='ltr'>est</span> <span class='ocrx_word' id='word_1_50' title='bbox 241 1445 291 1507; x_wconf 86' lang='lat' dir='ltr'>illa</span> <span class='ocrx_word' id='word_1_51' title='bbox 313 1444 427 1509; x_wconf 80' lang='lat' dir='ltr'>Theon</span> <span class='ocrx_word' id='word_1_52' title='bbox 446 1456 539 1529; x_wconf 76' lang='lat' dir='ltr'>poe’ta</span> <span class='ocrx_word' id='word_1_53' title='bbox 554 1446 668 1522; x_wconf 75' lang='lat' dir='ltr'>¹falsus,</span> 
     </span>
    </p>
   </div>
   <div class='ocr_carea' id='block_1_6' title="bbox 94 1582 696 1669">
    <p class='ocr_par' dir='ltr' id='par_1_6' title="bbox 94 1582 696 1669">
     <span class='ocr_line' id='line_1_11' title="bbox 94 1582 696 1669; baseline 0.005 -25"><span class='ocrx_word' id='word_1_54' title='bbox 94 1582 250 1646; x_wconf 86' lang='lat' dir='ltr'>Bonorum</span> <span class='ocrx_word' id='word_1_55' title='bbox 271 1584 349 1669; x_wconf 66' lang='lat' dir='ltr'>maia</span> <span class='ocrx_word' id='word_1_56' title='bbox 372 1587 537 1647; x_wconf 84' lang='lat' dir='ltr'>carminum</span> <span class='ocrx_word' id='word_1_57' title='bbox 559 1586 696 1648; x_wconf 78' lang='lat' dir='ltr'>taberna.</span> 
     </span>
    </p>
   </div>
   <div class='ocr_carea' id='block_1_7' title="bbox 344 1787 730 1872">
    <p class='ocr_par' dir='ltr' id='par_1_7' title="bbox 344 1787 730 1872">
     <span class='ocr_line' id='line_1_12' title="bbox 344 1787 730 1872; baseline 0.01 -7"><span class='ocrx_word' id='word_1_58' title='bbox 344 1787 479 1865; x_wconf 87' lang='lat' dir='ltr'>Eidem</span> <span class='ocrx_word' id='word_1_59' title='bbox 494 1789 647 1872; x_wconf 87' lang='lat' dir='ltr'>Theoni.</span> <span class='ocrx_word' id='word_1_60' title='bbox 689 1814 730 1869; x_wconf 84' lang='lat' dir='ltr'>v.</span> 
     </span>
    </p>
   </div>
   <div class='ocr_carea' id='block_1_8' title="bbox 95 1903 897 2027">
    <p class='ocr_par' dir='ltr' id='par_1_8' title="bbox 95 1903 897 2027">
     <span class='ocr_line' id='line_1_13' title="bbox 95 1903 897 2027; baseline 0.002 -16"><span class='ocrx_word' id='word_1_61' title='bbox 95 1903 321 2011; x_wconf 76' lang='lat' dir='ltr'>Avsomvs</span> <span class='ocrx_word' id='word_1_62' title='bbox 344 1946 431 2010; x_wconf 80' lang='lat' dir='ltr'>Salve</span> <span class='ocrx_word' id='word_1_63' title='bbox 448 1969 518 2011; x_wconf 87' lang='lat' dir='ltr'>caro</span> <span class='ocrx_word' id='word_1_64' title='bbox 537 1947 613 2011; x_wconf 86' lang='lat' dir='ltr'>mihi</span> <span class='ocrx_word' id='word_1_65' title='bbox 629 1949 697 2009; x_wconf 88' lang='lat' dir='ltr'>dico</span> <span class='ocrx_word' id='word_1_66' title='bbox 713 1948 897 2027; x_wconf 74' lang='grc' dir='ltr'>ΤΗεοΝῐ,</span> 
     </span>
    </p>
   </div>
   <div class='ocr_carea' id='block_1_9' title="bbox 78 2085 946 2182">
    <p class='ocr_par' dir='ltr' id='par_1_9' title="bbox 78 2085 946 2182">
     <span class='ocr_line' id='line_1_14' title="bbox 78 2085 946 2182; baseline 0.002 -31"><span class='ocrx_word' id='word_1_67' title='bbox 78 2176 79 2182; x_wconf 12' lang='lat' dir='ltr'>q</span> <span class='ocrx_word' id='word_1_68' title='bbox 138 2085 281 2151; x_wconf 74' lang='lat' dir='ltr'>Versibue</span> <span class='ocrx_word' id='word_1_69' title='bbox 296 2086 456 2166; x_wconf 79' lang='lat' dir='ltr'>experIens</span> <span class='ocrx_word' id='word_1_70' title='bbox 473 2087 554 2166; x_wconf 91' lang='lat' dir='ltr'>quod</span> <span class='ocrx_word' id='word_1_71' title='bbox 569 2085 662 2159; x_wconf 85' lang='lat' dir='ltr'>volo,</span> <span class='ocrx_word' id='word_1_72' title='bbox 685 2087 805 2165; x_wconf 88' lang='lat' dir='ltr'>quodve</span> <span class='ocrx_word' id='word_1_73' title='bbox 823 2108 946 2168; x_wconf 76' lang='lat' dir='ltr'>queror·</span> 
     </span>
    </p>
   </div>
   <div class='ocr_carea' id='block_1_10' title="bbox 90 2269 977 3181">
    <p class='ocr_par' dir='ltr' id='par_1_10' title="bbox 94 2269 808 2361">
     <span class='ocr_line' id='line_1_15' title="bbox 94 2269 808 2361; baseline -0.001 -27"><span class='ocrx_word' id='word_1_74' title='bbox 94 2271 200 2334; x_wconf 87' lang='lat' dir='ltr'>Tertia</span> <span class='ocrx_word' id='word_1_75' title='bbox 216 2271 361 2355; x_wconf 82' lang='lat' dir='ltr'>fisfipedes</span> <span class='ocrx_word' id='word_1_76' title='bbox 380 2272 539 2334; x_wconf 88' lang='lat' dir='ltr'>renovavit</span> <span class='ocrx_word' id='word_1_77' title='bbox 556 2272 638 2332; x_wconf 89' lang='lat' dir='ltr'>Luna</span> <span class='ocrx_word' id='word_1_78' title='bbox 654 2269 808 2361; x_wconf 74' lang='lat' dir='ltr'>junencas,</span> 
     </span>
    </p>

    <p class='ocr_par' dir='ltr' id='par_1_11' title="bbox 92 2408 878 2634">
     <span class='ocr_line' id='line_1_16' title="bbox 136 2408 878 2497; baseline -0.005 -20"><span class='ocrx_word' id='word_1_79' title='bbox 136 2410 180 2477; x_wconf 89' lang='lat' dir='ltr'>Vt</span> <span class='ocrx_word' id='word_1_80' title='bbox 197 2410 306 2497; x_wconf 70' lang='lat' dir='ltr'>fugitas</span> <span class='ocrx_word' id='word_1_81' title='bbox 324 2411 473 2483; x_wconf 82' lang='lat' dir='ltr'>nostram,</span> <span class='ocrx_word' id='word_1_82' title='bbox 493 2408 587 2470; x_wconf 78' lang='lat' dir='ltr'>dulcis</span> <span class='ocrx_word' id='word_1_83' title='bbox 605 2410 721 2483; x_wconf 80' lang='lat' dir='ltr'>amice,</span> <span class='ocrx_word' id='word_1_84' title='bbox 743 2410 878 2473; x_wconf 80' lang='lat' dir='ltr'>domum·</span> 
     </span>
     <span class='ocr_line' id='line_1_17' title="bbox 92 2545 813 2634; baseline -0.001 -22"><span class='ocrx_word' id='word_1_85' title='bbox 92 2548 266 2634; x_wconf 77' lang='lat' dir='ltr'>Nonaginta</span> <span class='ocrx_word' id='word_1_86' title='bbox 284 2549 492 2623; x_wconf 65' lang='lat' dir='ltr'>diuisione,</span> <span class='ocrx_word' id='word_1_87' title='bbox 512 2545 697 2620; x_wconf 82' lang='lat' dir='ltr'>chariifime,</span> <span class='ocrx_word' id='word_1_88' title='bbox 716 2550 813 2611; x_wconf 81' lang='lat' dir='ltr'>traxi:</span> 
     </span>
    </p>

    <p class='ocr_par' dir='ltr' id='par_1_12' title="bbox 92 2684 977 2904">
     <span class='ocr_line' id='line_1_18' title="bbox 134 2684 977 2767; baseline 0.006 -21"><span class='ocrx_word' id='word_1_89' title='bbox 134 2687 203 2746; x_wconf 88' lang='lat' dir='ltr'>Huc</span> <span class='ocrx_word' id='word_1_90' title='bbox 219 2687 294 2747; x_wconf 89' lang='lat' dir='ltr'>adde</span> <span class='ocrx_word' id='word_1_91' title='bbox 313 2686 448 2748; x_wconf 80' lang='lat' dir='ltr'>aestivos.</span> <span class='ocrx_word' id='word_1_92' title='bbox 480 2685 550 2747; x_wconf 87' lang='lat' dir='ltr'>Hoc</span> <span class='ocrx_word' id='word_1_93' title='bbox 566 2684 643 2746; x_wconf 87' lang='lat' dir='ltr'>mihi</span> <span class='ocrx_word' id='word_1_94' title='bbox 660 2705 757 2766; x_wconf 85' lang='lat' dir='ltr'>paene</span> <span class='ocrx_word' id='word_1_95' title='bbox 775 2685 900 2767; x_wconf 87' lang='lat' dir='ltr'>duplum</span> <span class='ocrx_word' id='word_1_96' title='bbox 919 2687 977 2750; x_wconf 83' lang='lat' dir='ltr'>est.</span> 
     </span>
     <span class='ocr_line' id='line_1_19' title="bbox 92 2820 847 2904; baseline 0.001 -21"><span class='ocrx_word' id='word_1_97' title='bbox 92 2820 150 2889; x_wconf 79' lang='lat' dir='ltr'>Vis</span> <span class='ocrx_word' id='word_1_98' title='bbox 167 2823 272 2885; x_wconf 86' lang='lat' dir='ltr'>novies</span> <span class='ocrx_word' id='word_1_99' title='bbox 289 2825 381 2886; x_wconf 86' lang='lat' dir='ltr'>denos</span> <span class='ocrx_word' id='word_1_100' title='bbox 398 2822 514 2896; x_wconf 82' lang='lat' dir='ltr'>dicam,</span> <span class='ocrx_word' id='word_1_101' title='bbox 539 2820 696 2904; x_wconf 77' lang='lat' dir='ltr'>deciesque</span> <span class='ocrx_word' id='word_1_102' title='bbox 711 2844 847 2886; x_wconf 78' lang='lat' dir='ltr'>novenoa</span> 
     </span>
    </p>

    <p class='ocr_par' dir='ltr' id='par_1_13' title="bbox 90 2958 833 3181">
     <span class='ocr_line' id='line_1_20' title="bbox 136 2958 736 3043; baseline 0.007 -27"><span class='ocrx_word' id='word_1_103' title='bbox 136 2958 192 3019; x_wconf 76' lang='lat' dir='ltr'>Isse</span> <span class='ocrx_word' id='word_1_104' title='bbox 209 2961 292 3020; x_wconf 76' lang='lat' dir='ltr'>diesi</span> <span class='ocrx_word' id='word_1_105' title='bbox 315 2962 396 3021; x_wconf 84' lang='lat' dir='ltr'>Anni</span> <span class='ocrx_word' id='word_1_106' title='bbox 412 2963 517 3043; x_wconf 87' lang='lat' dir='ltr'>portio</span> <span class='ocrx_word' id='word_1_107' title='bbox 534 2978 636 3043; x_wconf 87' lang='lat' dir='ltr'>quarta</span> <span class='ocrx_word' id='word_1_108' title='bbox 650 2960 736 3023; x_wconf 87' lang='lat' dir='ltr'>abiit.</span> 
     </span>
     <span class='ocr_line' id='line_1_21' title="bbox 90 3094 833 3181; baseline 0.008 -28"><span class='ocrx_word' id='word_1_109' title='bbox 90 3094 251 3177; x_wconf 81' lang='lat' dir='ltr'>Sexaginta</span> <span class='ocrx_word' id='word_1_110' title='bbox 267 3096 357 3159; x_wconf 79' lang='lat' dir='ltr'>hores</span> <span class='ocrx_word' id='word_1_111' title='bbox 373 3099 462 3181; x_wconf 89' lang='lat' dir='ltr'>super</span> <span class='ocrx_word' id='word_1_112' title='bbox 476 3098 507 3162; x_wconf 74' lang='grc' dir='ltr'>ἂ</span> <span class='ocrx_word' id='word_1_113' title='bbox 526 3102 586 3161; x_wconf 91' lang='lat' dir='ltr'>duo</span> <span class='ocrx_word' id='word_1_114' title='bbox 601 3100 695 3160; x_wconf 87' lang='lat' dir='ltr'>millia</span> <span class='ocrx_word' id='word_1_115' title='bbox 712 3113 833 3161; x_wconf 85' lang='lat' dir='ltr'>centum</span> 
     </span>
    </p>
   </div>
   <div class='ocr_carea' id='block_1_11' title="bbox 131 3229 879 3325">
    <p class='ocr_par' dir='ltr' id='par_1_14' title="bbox 131 3229 879 3325">
     <span class='ocr_line' id='line_1_22' title="bbox 131 3229 879 3325; baseline 0.007 -32"><span class='ocrx_word' id='word_1_116' title='bbox 131 3229 179 3293; x_wconf 86' lang='lat' dir='ltr'>Te</span> <span class='ocrx_word' id='word_1_117' title='bbox 196 3232 256 3296; x_wconf 84' lang='lat' dir='ltr'>fine</span> <span class='ocrx_word' id='word_1_118' title='bbox 274 3235 457 3319; x_wconf 85' lang='lat' dir='ltr'>eonsumpfi:</span> <span class='ocrx_word' id='word_1_119' title='bbox 481 3259 539 3319; x_wconf 91' lang='lat' dir='ltr'>quo</span> <span class='ocrx_word' id='word_1_120' title='bbox 556 3238 616 3302; x_wconf 84' lang='lat' dir='ltr'>fine</span> <span class='ocrx_word' id='word_1_121' title='bbox 631 3236 662 3305; x_wconf 71' lang='grc' dir='ltr'><strong>ἃ</strong></span> <span class='ocrx_word' id='word_1_122' title='bbox 676 3238 752 3301; x_wconf 89' lang='lat' dir='ltr'>hora</span> <span class='ocrx_word' id='word_1_123' title='bbox 767 3239 879 3325; x_wconf 73' lang='lat' dir='ltr'>gravis.</span> 
     </span>
    </p>
   </div>
   <div class='ocr_carea' id='block_1_12' title="bbox 0 0 1076 3714">
    <p class='ocr_par' dir='ltr' id='par_1_15' title="bbox 0 0 1076 3714">
     <span class='ocr_line' id='line_1_23' title="bbox 0 0 1076 3714; baseline 0 2"><span class='ocrx_word' id='word_1_124' title='bbox 0 0 1076 3714; x_wconf 95' lang='lat' dir='ltr'> </span> 
     </span>
    </p>
   </div>
  </div>
 </body>
</html>
