<?xml version="1.0" encoding="UTF-8"?>
<!DOCTYPE html PUBLIC "-//W3C//DTD XHTML 1.0 Transitional//EN"
    "http://www.w3.org/TR/xhtml1/DTD/xhtml1-transitional.dtd">
<html xmlns="http://www.w3.org/1999/xhtml" xml:lang="en" lang="en">
 <head>
  <title>
</title>
<meta http-equiv="Content-Type" content="text/html;charset=utf-8" />
  <meta name='ocr-system' content='tesseract 3.04.00' />
  <meta name='ocr-capabilities' content='ocr_page ocr_carea ocr_par ocr_line ocrx_word'/>
</head>
<body>
  <div class='ocr_page' id='page_1' title='image "./dmagniavsoniibv00scalgoog_0391.png"; bbox 0 0 2144 3714; ppageno 0'>
   <div class='ocr_carea' id='block_1_1' title="bbox 133 206 779 302">
    <p class='ocr_par' dir='ltr' id='par_1_1' title="bbox 133 206 779 302">
     <span class='ocr_line' id='line_1_1' title="bbox 133 206 779 302; baseline -0.024 -16"><span class='ocrx_word' id='word_1_1' title='bbox 133 216 195 302; x_wconf 79' lang='lat'>3⁶6</span> <span class='ocrx_word' id='word_1_2' title='bbox 420 206 779 278; x_wconf 78' lang='lat' dir='ltr'>Av.80N11</span> 
     </span>
    </p>
   </div>
   <div class='ocr_carea' id='block_1_2' title="bbox 125 356 1066 1020">
    <p class='ocr_par' dir='ltr' id='par_1_2' title="bbox 125 356 1066 1020">
     <span class='ocr_line' id='line_1_2' title="bbox 133 356 1018 472; baseline -0.007 -17"><span class='ocrx_word' id='word_1_3' title='bbox 133 410 216 465; x_wconf 79' lang='lat' dir='ltr'>rata,</span> <span class='ocrx_word' id='word_1_4' title='bbox 239 358 451 472; x_wconf 79' lang='lat' dir='ltr'>proficiicitur.</span> <span class='ocrx_word' id='word_1_5' title='bbox 497 384 584 468; x_wconf 82' lang='lat' dir='ltr'>Quae</span> <span class='ocrx_word' id='word_1_6' title='bbox 609 356 715 459; x_wconf 74' lang='lat' dir='ltr'>fiducia</span> <span class='ocrx_word' id='word_1_7' title='bbox 734 380 847 443; x_wconf 82' lang='lat' dir='ltr'>defenli</span> <span class='ocrx_word' id='word_1_8' title='bbox 865 387 1018 464; x_wconf 76' lang='lat' dir='ltr'>quondan</span> 
     </span>
     <span class='ocr_line' id='line_1_3' title="bbox 125 479 1017 610; baseline -0.006 -20"><span class='ocrx_word' id='word_1_9' title='bbox 125 479 202 594; x_wconf 72' lang='lat' dir='ltr'>¹euin</span> <span class='ocrx_word' id='word_1_10' title='bbox 226 530 370 610; x_wconf 82' lang='lat' dir='ltr'>Aegeone</span> <span class='ocrx_word' id='word_1_11' title='bbox 395 523 496 598; x_wconf 82' lang='lat' dir='ltr'>lovis,</span> <span class='ocrx_word' id='word_1_12' title='bbox 519 521 648 582; x_wconf 89' lang='lat' dir='ltr'>ultum</span> <span class='ocrx_word' id='word_1_13' title='bbox 638 521 678 580; x_wconf 83' lang='lat' dir='ltr'>ni</span> <span class='ocrx_word' id='word_1_14' title='bbox 701 516 868 581; x_wconf 74' lang='lat' dir='ltr'>affellann&#39;</span> <span class='ocrx_word' id='word_1_15' title='bbox 860 521 1017 601; x_wconf 76' lang='lat' dir='ltr'>injuriam,</span> 
     </span>
     <span class='ocr_line' id='line_1_4' title="bbox 133 653 1020 733; baseline -0.006 -6"><span class='ocrx_word' id='word_1_16' title='bbox 133 664 300 727; x_wconf 85' lang='lat' dir='ltr'>obtestatur</span> <span class='ocrx_word' id='word_1_17' title='bbox 319 658 465 720; x_wconf 88' lang='lat' dir='ltr'>summum</span> <span class='ocrx_word' id='word_1_18' title='bbox 484 660 627 732; x_wconf 90' lang='lat' dir='ltr'>deorum,</span> <span class='ocrx_word' id='word_1_19' title='bbox 651 672 684 718; x_wconf 85' lang='lat' dir='ltr'>ut</span> <span class='ocrx_word' id='word_1_20' title='bbox 701 653 886 733; x_wconf 81' lang='lat' dir='ltr'>Trojanoe</span> <span class='ocrx_word' id='word_1_21' title='bbox 876 679 911 720; x_wconf 93' lang='lat' dir='ltr'>1n</span> <span class='ocrx_word' id='word_1_22' title='bbox 932 661 1020 722; x_wconf 79' lang='lat' dir='ltr'>rebue</span> 
     </span>
     <span class='ocr_line' id='line_1_5' title="bbox 132 790 1066 879; baseline -0.004 -16"><span class='ocrx_word' id='word_1_23' title='bbox 132 800 206 863; x_wconf 84' lang='lat' dir='ltr'>belli</span> <span class='ocrx_word' id='word_1_24' title='bbox 231 796 401 879; x_wconf 70' lang='lat' dir='ltr'>superiores</span> <span class='ocrx_word' id='word_1_25' title='bbox 429 792 485 856; x_wconf 81' lang='lat' dir='ltr'>effe</span> <span class='ocrx_word' id='word_1_26' title='bbox 509 796 668 876; x_wconf 80' lang='lat' dir='ltr'>patiatur.</span> <span class='ocrx_word' id='word_1_27' title='bbox 692 794 812 877; x_wconf 80' lang='lat' dir='ltr'>Quibus</span> <span class='ocrx_word' id='word_1_28' title='bbox 831 795 909 859; x_wconf 90' lang='lat' dir='ltr'>luno</span> <span class='ocrx_word' id='word_1_29' title='bbox 936 820 1018 859; x_wconf 85' lang='lat' dir='ltr'>corn-</span> <span class='ocrx_word' id='word_1_30' title='bbox 1047 790 1066 829; x_wconf 46' lang='grc' dir='ltr'><em>ἃ</em></span> 
     </span>
     <span class='ocr_line' id='line_1_6' title="bbox 132 928 1016 1020; baseline -0.002 -23"><span class='ocrx_word' id='word_1_31' title='bbox 132 938 249 1020; x_wconf 85' lang='lat' dir='ltr'>pertis,</span> <span class='ocrx_word' id='word_1_32' title='bbox 272 933 413 992; x_wconf 82' lang='lat' dir='ltr'>iracunde</span> <span class='ocrx_word' id='word_1_33' title='bbox 436 930 592 992; x_wconf 79' lang='lat' dir='ltr'>adversum</span> <span class='ocrx_word' id='word_1_34' title='bbox 613 928 772 1016; x_wconf 82' lang='lat' dir='ltr'>conjugem</span> <span class='ocrx_word' id='word_1_35' title='bbox 791 951 1016 998; x_wconf 85' lang='lat' dir='ltr'>commovetur.</span> 
     </span>
    </p>
   </div>
   <div class='ocr_carea' id='block_1_3' title="bbox 133 1066 1066 1155">
    <p class='ocr_par' dir='ltr' id='par_1_3' title="bbox 133 1066 1066 1155">
     <span class='ocr_line' id='line_1_7' title="bbox 133 1066 1066 1155; baseline -0.004 -20"><span class='ocrx_word' id='word_1_36' title='bbox 133 1073 192 1134; x_wconf 85' lang='lat' dir='ltr'>Sed</span> <span class='ocrx_word' id='word_1_37' title='bbox 210 1067 336 1155; x_wconf 79' lang='lat' dir='ltr'>gliscens</span> <span class='ocrx_word' id='word_1_38' title='bbox 352 1066 496 1152; x_wconf 83' lang='lat' dir='ltr'>jurgium,</span> <span class='ocrx_word' id='word_1_39' title='bbox 520 1088 576 1148; x_wconf 85' lang='lat' dir='ltr'>per</span> <span class='ocrx_word' id='word_1_40' title='bbox 593 1067 803 1141; x_wconf 86' lang='lat' dir='ltr'>deridiculum,</span> <span class='ocrx_word' id='word_1_41' title='bbox 826 1069 1017 1132; x_wconf 81' lang='lat' dir='ltr'>ministrante</span> <span class='ocrx_word' id='word_1_42' title='bbox 1050 1090 1066 1121; x_wconf 54' lang='grc' dir='ltr'><strong>ι</strong></span> 
     </span>
    </p>
   </div>
   <div class='ocr_carea' id='block_1_4' title="bbox 133 1200 1016 1337">
    <p class='ocr_par' dir='ltr' id='par_1_4' title="bbox 133 1200 1016 1337">
     <span class='ocr_line' id='line_1_8' title="bbox 133 1200 1016 1283; baseline 0.001 -16"><span class='ocrx_word' id='word_1_43' title='bbox 133 1207 286 1279; x_wconf 83' lang='lat' dir='ltr'>Vulcano,</span> <span class='ocrx_word' id='word_1_44' title='bbox 309 1202 393 1263; x_wconf 86' lang='lat' dir='ltr'>fimul</span> <span class='ocrx_word' id='word_1_45' title='bbox 410 1201 523 1263; x_wconf 71' lang='lat' dir='ltr'>consilii</span> <span class='ocrx_word' id='word_1_46' title='bbox 539 1200 636 1283; x_wconf 83' lang='lat' dir='ltr'>specie</span> <span class='ocrx_word' id='word_1_47' title='bbox 645 1204 868 1282; x_wconf 85' lang='lat' dir='ltr'>intercedente,</span> <span class='ocrx_word' id='word_1_48' title='bbox 890 1206 1016 1280; x_wconf 80' lang='lat' dir='ltr'>lenitur.</span> 
     </span>
     <span class='ocr_line' id='line_1_9' title="bbox 600 1298 611 1337; baseline 0 0"><span class='ocrx_word' id='word_1_49' title='bbox 600 1298 611 1337; x_wconf 70' lang='lat' dir='ltr'>a</span> 
     </span>
    </p>
   </div>
   <div class='ocr_carea' id='block_1_5' title="bbox 372 1401 770 1489">
    <p class='ocr_par' dir='ltr' id='par_1_5' title="bbox 372 1401 770 1489">
     <span class='ocr_line' id='line_1_10' title="bbox 372 1401 770 1489; baseline 0.013 -10"><span class='ocrx_word' id='word_1_50' title='bbox 372 1401 550 1481; x_wconf 87' lang='lat' dir='ltr'>Periocha</span> <span class='ocrx_word' id='word_1_51' title='bbox 572 1432 610 1489; x_wconf 73' lang='lat'>11,</span> <span class='ocrx_word' id='word_1_52' title='bbox 625 1403 770 1485; x_wconf 79' lang='lat' dir='ltr'>Iliados.</span> 
     </span>
    </p>
   </div>
   <div class='ocr_carea' id='block_1_6' title="bbox 133 1591 907 2081">
    <p class='ocr_par' dir='ltr' id='par_1_6' title="bbox 133 1591 907 2081">
     <span class='ocr_line' id='line_1_11' title="bbox 139 1591 907 1672; baseline -0.005 -15"><span class='ocrx_word' id='word_1_53' title='bbox 139 1596 290 1672; x_wconf 73' lang='lat' dir='ltr'>Caelestes,</span> <span class='ocrx_word' id='word_1_54' title='bbox 312 1591 514 1668; x_wconf 82' lang='lat' dir='ltr'>bominumque</span> <span class='ocrx_word' id='word_1_55' title='bbox 528 1611 614 1667; x_wconf 82' lang='lat' dir='ltr'>genus</span> <span class='ocrx_word' id='word_1_56' title='bbox 623 1592 791 1670; x_wconf 83' lang='lat' dir='ltr'>superabile</span> <span class='ocrx_word' id='word_1_57' title='bbox 807 1596 907 1668; x_wconf 87' lang='lat' dir='ltr'>curis,</span> 
     </span>
     <span class='ocr_line' id='line_1_12' title="bbox 137 1726 872 1810; baseline -0.007 -16"><span class='ocrx_word' id='word_1_58' title='bbox 137 1731 316 1810; x_wconf 78' lang='lat' dir='ltr'>Tranquilla</span> <span class='ocrx_word' id='word_1_59' title='bbox 328 1729 443 1806; x_wconf 84' lang='lat' dir='ltr'>obscuri</span> <span class='ocrx_word' id='word_1_60' title='bbox 458 1726 618 1803; x_wconf 78' lang='lat' dir='ltr'>carpebant</span> <span class='ocrx_word' id='word_1_61' title='bbox 631 1748 752 1788; x_wconf 85' lang='lat' dir='ltr'>munera</span> <span class='ocrx_word' id='word_1_62' title='bbox 760 1731 872 1807; x_wconf 84' lang='lat' dir='ltr'>somni.</span> 
     </span>
     <span class='ocr_line' id='line_1_13' title="bbox 134 1867 874 1945; baseline -0.004 -15"><span class='ocrx_word' id='word_1_63' title='bbox 134 1872 181 1933; x_wconf 74' lang='grc' dir='ltr'>λι</span> <span class='ocrx_word' id='word_1_64' title='bbox 195 1887 252 1933; x_wconf 89' lang='lat' dir='ltr'>non</span> <span class='ocrx_word' id='word_1_65' title='bbox 264 1867 437 1945; x_wconf 80' lang='lat' dir='ltr'>peruigilem</span> <span class='ocrx_word' id='word_1_66' title='bbox 453 1884 511 1923; x_wconf 83' lang='lat' dir='ltr'>nox</span> <span class='ocrx_word' id='word_1_67' title='bbox 528 1867 689 1945; x_wconf 80' lang='lat' dir='ltr'>irrequieta</span> <span class='ocrx_word' id='word_1_68' title='bbox 710 1869 874 1928; x_wconf 78' lang='lat' dir='ltr'>Tonantem</span> 
     </span>
     <span class='ocr_line' id='line_1_14' title="bbox 133 2002 888 2081; baseline -0.007 -12"><span class='ocrx_word' id='word_1_69' title='bbox 133 2010 257 2078; x_wconf 85' lang='lat' dir='ltr'>Leniit,</span> <span class='ocrx_word' id='word_1_70' title='bbox 279 2002 450 2064; x_wconf 81' lang='lat' dir='ltr'>immodicos</span> <span class='ocrx_word' id='word_1_71' title='bbox 464 2002 624 2062; x_wconf 85' lang='lat' dir='ltr'>volventem</span> <span class='ocrx_word' id='word_1_72' title='bbox 642 2002 724 2063; x_wconf 82' lang='lat' dir='ltr'>corde</span> <span class='ocrx_word' id='word_1_73' title='bbox 736 2023 888 2081; x_wconf 82' lang='lat' dir='ltr'>paratus,</span> 
     </span>
    </p>
   </div>
   <div class='ocr_carea' id='block_1_7' title="bbox 136 2141 945 2218">
    <p class='ocr_par' dir='ltr' id='par_1_7' title="bbox 136 2141 945 2218">
     <span class='ocr_line' id='line_1_15' title="bbox 136 2141 945 2218; baseline -0.001 -15"><span class='ocrx_word' id='word_1_74' title='bbox 136 2141 279 2203; x_wconf 72' lang='lat' dir='ltr'>caedibus</span> <span class='ocrx_word' id='word_1_75' title='bbox 293 2157 329 2199; x_wconf 88' lang='lat' dir='ltr'>ut</span> <span class='ocrx_word' id='word_1_76' title='bbox 345 2142 468 2216; x_wconf 83' lang='lat' dir='ltr'>Grajum</span> <span class='ocrx_word' id='word_1_77' title='bbox 486 2143 594 2216; x_wconf 85' lang='lat' dir='ltr'>laesum</span> <span class='ocrx_word' id='word_1_78' title='bbox 611 2141 768 2218; x_wconf 81' lang='lat' dir='ltr'>ulciscatur</span> <span class='ocrx_word' id='word_1_79' title='bbox 781 2143 945 2202; x_wconf 79' lang='lat' dir='ltr'>Achillem.</span> 
     </span>
    </p>
   </div>
   <div class='ocr_carea' id='block_1_8' title="bbox 122 2282 1020 3201">
    <p class='ocr_par' dir='ltr' id='par_1_8' title="bbox 122 2282 1020 3201">
     <span class='ocr_line' id='line_1_16' title="bbox 194 2282 1020 2386; baseline 0.002 -23"><span class='ocrx_word' id='word_1_80' title='bbox 194 2303 312 2384; x_wconf 77' lang='lat' dir='ltr'>Iupiter</span> <span class='ocrx_word' id='word_1_81' title='bbox 322 2301 579 2386; x_wconf 85' lang='lat' dir='ltr'>Agamemnonem</span> <span class='ocrx_word' id='word_1_82' title='bbox 596 2282 700 2362; x_wconf 83' lang='lat' dir='ltr'>somno</span> <span class='ocrx_word' id='word_1_83' title='bbox 718 2316 822 2362; x_wconf 86' lang='lat' dir='ltr'>monet</span> <span class='ocrx_word' id='word_1_84' title='bbox 835 2303 957 2382; x_wconf 83' lang='lat' dir='ltr'>proelii</span> <span class='ocrx_word' id='word_1_85' title='bbox 975 2302 1020 2366; x_wconf 83' lang='lat' dir='ltr'>fa-</span> 
     </span>
     <span class='ocr_line' id='line_1_17' title="bbox 130 2405 1020 2521; baseline 0.002 -21"><span class='ocrx_word' id='word_1_86' title='bbox 130 2441 231 2502; x_wconf 85' lang='lat' dir='ltr'>ciendi</span> <span class='ocrx_word' id='word_1_87' title='bbox 248 2456 367 2521; x_wconf 84' lang='lat' dir='ltr'>tempus</span> <span class='ocrx_word' id='word_1_88' title='bbox 383 2433 496 2499; x_wconf 76' lang='lat' dir='ltr'>adesse:</span> <span class='ocrx_word' id='word_1_89' title='bbox 519 2458 558 2498; x_wconf 91' lang='lat' dir='ltr'>ne</span> <span class='ocrx_word' id='word_1_90' title='bbox 574 2438 727 2499; x_wconf 70' lang='lat' dir='ltr'>cundetur</span> <span class='ocrx_word' id='word_1_91' title='bbox 745 2405 896 2499; x_wconf 83' lang='lat' dir='ltr'>dimicare.</span> <span class='ocrx_word' id='word_1_92' title='bbox 931 2439 1020 2502; x_wconf 89' lang='lat' dir='ltr'>Tum</span> 
     </span>
     <span class='ocr_line' id='line_1_18' title="bbox 127 2552 1019 2655; baseline 0 -18"><span class='ocrx_word' id='word_1_93' title='bbox 127 2578 179 2637; x_wconf 91' lang='lat' dir='ltr'>ille</span> <span class='ocrx_word' id='word_1_94' title='bbox 204 2599 233 2636; x_wconf 87' lang='grc' dir='ltr'>ιιι</span> <span class='ocrx_word' id='word_1_95' title='bbox 259 2576 421 2637; x_wconf 88' lang='lat' dir='ltr'>concilium</span> <span class='ocrx_word' id='word_1_96' title='bbox 439 2552 813 2655; x_wconf 36' lang='lat' dir='ltr'>proceribun&#39;advocatiS,</span> <span class='ocrx_word' id='word_1_97' title='bbox 835 2574 1019 2637; x_wconf 83' lang='lat' dir='ltr'>mandarum</span> 
     </span>
     <span class='ocr_line' id='line_1_19' title="bbox 127 2708 1019 2792; baseline 0 -21"><span class='ocrx_word' id='word_1_98' title='bbox 127 2710 227 2785; x_wconf 90' lang='lat' dir='ltr'>Iovis,</span> <span class='ocrx_word' id='word_1_99' title='bbox 251 2710 282 2775; x_wconf 73' lang='grc' dir='ltr'>ἃ</span> <span class='ocrx_word' id='word_1_100' title='bbox 300 2710 430 2792; x_wconf 86' lang='lat' dir='ltr'>speciem</span> <span class='ocrx_word' id='word_1_101' title='bbox 447 2712 606 2770; x_wconf 71' lang='lat' dir='ltr'>nollurnae</span> <span class='ocrx_word' id='word_1_102' title='bbox 624 2713 733 2790; x_wconf 77' lang='lat' dir='ltr'>quietis</span> <span class='ocrx_word' id='word_1_103' title='bbox 751 2711 901 2791; x_wconf 82' lang='lat' dir='ltr'>explanat.</span> <span class='ocrx_word' id='word_1_104' title='bbox 931 2708 1019 2771; x_wconf 82' lang='lat' dir='ltr'>Mox</span> 
     </span>
     <span class='ocr_line' id='line_1_20' title="bbox 125 2847 1018 2932; baseline 0.003 -27"><span class='ocrx_word' id='word_1_105' title='bbox 125 2847 332 2921; x_wconf 87' lang='lat' dir='ltr'>inconcione,</span> <span class='ocrx_word' id='word_1_106' title='bbox 355 2849 551 2909; x_wconf 88' lang='lat' dir='ltr'>multitudine</span> <span class='ocrx_word' id='word_1_107' title='bbox 567 2865 758 2932; x_wconf 79' lang='lat' dir='ltr'>congregata,</span> <span class='ocrx_word' id='word_1_108' title='bbox 781 2861 937 2926; x_wconf 83' lang='lat' dir='ltr'>pertentat</span> <span class='ocrx_word' id='word_1_109' title='bbox 954 2849 1018 2908; x_wconf 82' lang='lat' dir='ltr'>mi-</span> 
     </span>
     <span class='ocr_line' id='line_1_21' title="bbox 122 2978 1015 3065; baseline 0.004 -27"><span class='ocrx_word' id='word_1_110' title='bbox 122 2980 211 3040; x_wconf 90' lang='lat' dir='ltr'>litum</span> <span class='ocrx_word' id='word_1_111' title='bbox 227 2982 431 3045; x_wconf 84' lang='lat' dir='ltr'>voluntatem:</span> <span class='ocrx_word' id='word_1_112' title='bbox 455 3003 546 3064; x_wconf 85' lang='lat' dir='ltr'>utque</span> <span class='ocrx_word' id='word_1_113' title='bbox 564 2984 700 3065; x_wconf 75' lang='lat' dir='ltr'>deposito</span> <span class='ocrx_word' id='word_1_114' title='bbox 719 2981 799 3042; x_wconf 88' lang='lat' dir='ltr'>bello</span> <span class='ocrx_word' id='word_1_115' title='bbox 816 2982 852 3040; x_wconf 85' lang='lat' dir='ltr'>ad</span> <span class='ocrx_word' id='word_1_116' title='bbox 872 2978 923 3040; x_wconf 84' lang='lat' dir='ltr'>sua</span> <span class='ocrx_word' id='word_1_117' title='bbox 944 2985 1015 3062; x_wconf 91' lang='lat' dir='ltr'>qui-</span> 
     </span>
     <span class='ocr_line' id='line_1_22' title="bbox 122 3091 1015 3201; baseline 0.006 -29"><span class='ocrx_word' id='word_1_118' title='bbox 122 3135 180 3194; x_wconf 77' lang='lat' dir='ltr'>que</span> <span class='ocrx_word' id='word_1_119' title='bbox 199 3118 335 3193; x_wconf 79' lang='lat' dir='ltr'>redeant,</span> <span class='ocrx_word' id='word_1_120' title='bbox 359 3120 547 3184; x_wconf 82' lang='lat' dir='ltr'>cohortatur.</span> <span class='ocrx_word' id='word_1_121' title='bbox 589 3121 708 3199; x_wconf 86' lang='lat' dir='ltr'>lamque</span> <span class='ocrx_word' id='word_1_122' title='bbox 726 3091 863 3178; x_wconf 73' lang='lat' dir='ltr'>omnibus</span> <span class='ocrx_word' id='word_1_123' title='bbox 884 3120 1015 3201; x_wconf 69' lang='lat' dir='ltr'>ruauiga⁴</span> 
     </span>
    </p>
   </div>
   <div class='ocr_carea' id='block_1_9' title="bbox 121 3250 1015 3333">
    <p class='ocr_par' dir='ltr' id='par_1_9' title="bbox 121 3250 1015 3333">
     <span class='ocr_line' id='line_1_23' title="bbox 121 3250 1015 3333; baseline 0.004 -23"><span class='ocrx_word' id='word_1_124' title='bbox 121 3250 237 3314; x_wconf 77' lang='lat' dir='ltr'>rionern</span> <span class='ocrx_word' id='word_1_125' title='bbox 256 3255 484 3333; x_wconf 81' lang='lat' dir='ltr'>adornantibus,</span> <span class='ocrx_word' id='word_1_126' title='bbox 506 3257 597 3319; x_wconf 83' lang='lat' dir='ltr'>foeda</span> <span class='ocrx_word' id='word_1_127' title='bbox 614 3254 747 3318; x_wconf 79' lang='lat' dir='ltr'>disceffio</span> <span class='ocrx_word' id='word_1_128' title='bbox 762 3252 798 3315; x_wconf 85' lang='lat' dir='ltr'>ab</span> <span class='ocrx_word' id='word_1_129' title='bbox 815 3254 907 3320; x_wconf 83' lang='lat' dir='ltr'>Vlixe</span> <span class='ocrx_word' id='word_1_130' title='bbox 924 3255 1015 3314; x_wconf 84' lang='lat' dir='ltr'>cohi·</span> 
     </span>
    </p>
   </div>
   <div class='ocr_carea' id='block_1_10' title="bbox 0 0 1076 3714">
    <p class='ocr_par' dir='ltr' id='par_1_10' title="bbox 0 0 1076 3714">
     <span class='ocr_line' id='line_1_24' title="bbox 0 0 1076 3714; baseline 0 0"><span class='ocrx_word' id='word_1_131' title='bbox 0 0 1076 3714; x_wconf 95' lang='lat' dir='ltr'> </span> 
     </span>
    </p>
   </div>
  </div>
 </body>
</html>
