2144 3714
132 174 196 251 358
421 150 723 223 avsourt
819 154 830 187 ³

136 333 327 416 multiplicas.
357 329 417 394 vet
431 328 504 389 illud
522 350 615 389 unum
632 324 796 404 cujusmodi
810 325 867 401 est,
891 302 936 390 de
955 314 1047 392 coa-⁸

138 472 257 535 donatis
275 466 398 528 residuis
418 464 621 526 tributoruml
651 454 731 543 q'uod
749 478 782 525 tu
800 484 893 545 quarn
920 488 1024 529 curnu-

25 624 36 653 ·
136 614 195 673 lata
219 606 356 667 bonitate
383 602 478 665 fecisti
495 609 502 664 !
522 603 619 701 ‚Quis
644 588 777 680 unquam
801 601 1025 683 imperatorum
1052 600 1055 605 ’

138 747 200 809 hoc
223 742 389 826 provinciis
411 716 471 802 suia
506 758 557 804 aut
586 702 729 801 uberiore
755 740 951 825 indulgentia
979 744 1026 805 de·

139 884 207 953 dit,
231 895 283 941 aut
299 879 430 938 certiore
446 875 606 940 securitate
622 876 799 959 prospexit,
822 894 876 939 aut
893 881 1028 960 pruden-

139 1020 181 1077 tia
199 1012 382 1075 consultiore
399 1014 551 1075 munivit?
574 1012 746 1077 Fecerat&
763 1013 917 1092 Trajanus
932 987 1027 1080 'olima

138 1150 190 1213 sed
206 1148 345 1232 partibus
358 1150 510 1225 retentis,
534 1171 595 1211 non
613 1149 745 1212 habebat
761 1160 877 1215 tantam
895 1152 1029 1217 oblesta·

138 1291 256 1351 tionem
275 1283 400 1347 concelli
419 1285 514 1348 debiti
532 1288 657 1371 portio,
680 1305 787 1370 quanta
803 1286 930 1363 suberat
948 1310 1029 1353 ama-

138 1424 242 1487 ritu'do
261 1422 383 1484 servati.
429 1420 470 1485 Et
491 1422 665 1487 Antoninus
686 1424 867 1490 indulserat:
891 1424 946 1489 sed
972 1430 1028 1489 im·

138 1563 217 1642 perii
243 1582 304 1620 non
328 1559 467 1621 beneficii
486 1560 630 1625 successor
648 1552 778 1636 invidit,
801 1564 851 1644 qui
876 1584 917 1624 erc
936 1567 1029 1626 docu-

139 1696 249 1759 mentis
273 1696 437 1778 tabulisque
454 1701 562 1781 populi
584 1702 754 1762 condonata
771 1702 933 1781 repetivit.
978 1703 1028 1763 Tu

25 1894 28 1901 ,
138 1803 313 1919 argumebta
331 1834 433 1897 omnia
449 1838 603 1921 flagitandi
617 1838 779 1923 publicitus
797 1808 1027 1916 arde'rejullisti·

138 1970 255 2036 Videre
270 1973 302 2033 in
318 1971 375 2033 suis
393 1992 527 2055 quaeque
543 1964 738 2037 sorisbmnes
754 1974 895 2035 civitates
913 1978 1029 2036 confla·

139 2109 309 2192 gratiorem
324 2107 449 2170 salubris
465 2111 606 2171 incendii.
645 2107 801 2171 Ardebant
818 2109 930 2192 stirpes
946 2102 1035 2175 frau-¹

138 2247 210 2306 durn
226 2261 383 2308 veterum:
406 2243 549 2307 ardebant
564 2242 719 2305 seminaria
736 2242 922 2306 futurarum.
967 2250 1035 2311 lam.

136 2380 167 2441 se
179 2402 246 2441 curn
256 2381 382 2465 pulvere
392 2379 494 2446 favilla
507 2380 678 2454 miscuerat,
698 2377 759 2458 jam
774 2381 909 2443 nubibus
923 2383 1030 2447 furnus

136 2519 325 2580 involverat:
357 2516 387 2581 dc
404 2516 502 2578 adhuc
519 2518 646 2581 obnoxii
662 2518 694 2579 in
709 2519 826 2603 paginis
845 2541 1028 2583 concrema·

55 2728 57 2735 Ι
135 2655 174 2714 tis
200 2656 301 2714 duslus
326 2644 466 2736 epicuru,
490 2653 520 2718 ἃ
537 2655 739 2719 sestertiorum
756 2672 843 2717 notas
860 2677 931 2717 curn
950 2658 1028 2718 titu-

128 2786 495 2873 bantia&trepidatione
511 2792 694 2854 cernebanta
724 2793 804 2873 quod
818 2762 1027 2856 memineranl
1058 2822 1061 2827 ·

128 2923 254 2995 lenum,
277 2928 339 3011 legi
354 2927 456 3010 posse,
480 2932 570 2992 etiam
587 2948 659 2990 tunc
674 2946 823 2991 verentes.
869 2928 958 3010 Quid
977 2945 1022 3003 te,

111 3056 301 3157 ’imperator
318 3064 470 3149 Auguste,
493 3067 719 3152 indulgentius?
744 3063 828 3148 Quid
843 3065 946 3144 potest
960 3062 1021 3127 esse
1063 3038 1069 3065 Ι

125 3191 309 3258 consultius?
350 3202 438 3287 Quae
455 3203 535 3270 bona
549 3206 701 3292 praestas,
725 3201 817 3267 efficis
839 3222 877 3263 uc
904 3201 1035 3265 caduca·
1071 3218 1072 3228 ¹

55 3396 124 3488 ι,
